3128 4942
765 255 809 319 30

680 344 892 352 ———.

172 445 273 510 nostri
295 447 413 529 uerbis,
436 447 501 512 nisi
523 447 631 532 fallor,
655 449 726 513 luce
755 456 806 514 est
829 449 948 514 6161166
978 452 1085 516 616616
1118 473 1328 535 quaecunque
1358 452 1399 519 (16

172 552 298 616 Annaei
330 552 544 619 admiratione
575 554 793 639 proferantur,
824 577 888 620 non
921 578 962 621 611
991 560 1090 622 661161
1123 561 1283 624 666166116
1313 560 1401 624 dicta

172 679 254 742 esse,
278 660 337 725 sed
360 667 417 725 aut
439 661 552 726 timore
576 682 741 746 expressa,
765 684 828 744 quo
853 664 896 728 sit
918 664 1040 729 ueritus
1069 665 1158 730 illum
1187 688 1207 730 a
1236 667 1401 751 plerisque

171 766 359 831 adamatum
382 768 476 850 quasi
499 768 584 854 pede
607 769 708 833 inlato
732 769 862 854 adoriri,
885 779 941 834 661
968 771 1140 855 prudentia
1170 773 1300 857 effecta,
1333 795 1397 855 qua

170 872 290 938 iudicio
313 874 484 939 multorum
506 877 689 961 pepercerit
712 876 756 940 ad
779 898 857 942 suas
880 885 991 961 partes
1015 877 1089 944 illos
1112 879 1308 945 adiecturus.
1346 881 1397 944 in·

171 982 261 1047 uisus
285 989 373 1046 certe
397 982 428 1046 ei
451 981 512 1046 fnit
534 983 599 1067 ille,
622 991 655 1048 et
678 982 713 1047 id
737 985 777 1047 oh
800 985 923 1048 nullam
946 985 1045 1048 aliam
1069 1006 1209 1069 causam,
1233 987 1297 1051 nisi
1321 988 1398 1068 quia

170 1109 288 1171 genere
322 1087 461 1154 dicendo
484 1111 563 1155 usus
595 1097 666 1155 6161
698 1096 891 1175 corrupte.
950 1100 1077 1156 constat
1110 1092 1208 1174 igitur
1241 1093 1400 1157 Senecam

170 1216 267 1259 unum
291 1195 392 1262 tuisse
416 1217 458 1260 ex
487 1196 700 1280 aduersariis,
733 1206 765 1263 et
794 1197 829 1260 id
860 1197 957 1262 facile
989 1199 1129 1262 omnium
1162 1200 1399 1280 grauissimum.

169 1322 228 1368 nos
261 1310 368 1368 antem
397 1302 485 1369 illius
514 1304 636 1388 scripta
668 1303 815 1387 legentes
849 1312 881 1369 61
914 1305 1116 1370 conferentes
1145 1326 1216 1370 6661
1243 1307 1400 1371 Fabianis

168 1409 396 1494 intellegimus,
415 1410 493 1493 quid
509 1411 636 1476 intersit
652 1411 734 1475 inter
750 1411 918 1492 utriusque
933 1411 1155 1495 elocutionem,
1180 1421 1212 1476 61
1226 1413 1305 1495 quid
1319 1414 1400 1478 illud

169 1514 265 1580 fuerit
288 1517 375 1599 quod
397 1517 500 1582 Fabio
530 1517 657 1582 audiret
680 1526 862 1602 corruptum
891 1538 1007 1602 genus,
1042 1519 1207 1584 sentimus.
1257 1520 1401 1585 oboritur

169 1624 332 1708 quaestio,
356 1631 462 1689 utrum
489 1625 522 1690 16
544 1624 627 1689 libro
656 1626 711 1707 qui
745 1624 841 1689 tuerit
877 1624 918 1689 de
947 1625 1055 1690 causis
1089 1632 1198 1689 orator
1229 1626 1262 1690 16
1294 1627 1400 1711 philo·

169 1731 305 1816 sophum
332 1732 479 1797 inuectus
509 1732 552 1797 sit
578 1752 690 1798 necne.
747 1753 787 1797 611
814 1733 923 1796 uerbis
951 1752 1036 1813 quae
1068 1738 1142 1796 sunt
1165 1736 1185 1812 ξ
1211 1736 1289 1799 125:
1324 1733 1400 1798 dum

168 1846 352 1923 corruptum
366 1890 373 1904 .
463 1837 592 1903 dicendi
619 1858 722 1920 genus
745 1858 899 1903 reuocare
923 1838 967 1901 ad
990 1839 1155 1903 seueriora
1178 1839 1300 1904 iudicia
1324 1862 1399 1905 oon·

171 1944 279 2029 tendo,
302 1944 383 2009 nihil
405 1945 581 2010 lucramur:
605 1943 776 2009 referenda
801 1945 886 2009 enim
909 1951 983 2010 sunt
1014 1965 1078 2008 666
1111 1945 1154 2009 ad
1177 1945 1307 2031 librum,
1340 1948 1400 2012 sed

170 2052 298 2116 6166166
328 2051 372 2116 ad
395 2050 618 2116 emendandae
647 2051 852 2135 eloquentiae
876 2050 1027 2117 studium.
1065 2073 1132 2117 rem
1156 2061 1264 2118 autem
1286 2074 1345 2139 per
1360 2075 1396 2119 se

168 2157 388 2223 consideranti
411 2179 483 2222 curn
505 2158 615 2224 indole
640 2166 671 2223 61
693 2159 836 2224 moribus
866 2159 1004 2224 oratoris
1027 2158 1195 2242 prudentis
1218 2181 1397 2244 parumque

167 2264 303 2330 audacis
335 2286 400 2330 non
433 2267 604 2331 conuenire
637 2266 716 2330 mihi
748 2264 885 2349 uidetur,
915 2266 943 2331 si
974 2273 1127 2349 putamus
1159 2267 1201 2329 ab
1235 2287 1273 2330 eo
1305 2267 1396 2332 illum

136 2361 139 2366 ¹
167 2381 279 2458 aperte
302 2373 530 2459 reprehensum
554 2394 627 2439 6666
651 2374 714 2458 qui,
740 2373 815 2437 inde
839 2393 860 2437 a
884 2393 947 2455 quo
962 2379 1106 2457 tempore
1130 2371 1225 2437 fuerit
1239 2374 1396 2456 magister

166 2481 313 2565 Neronis,
337 2502 461 2546 summa
484 2481 613 2545 floreret
636 2481 844 2563 auctoritate,
873 2487 906 2544 et
928 2486 1101 2564 postquam
1130 2485 1264 2544 16611616
1287 2479 1394 2546 fortis-

167 2589 247 2655 sime
284 2588 346 2654 sibi
379 2588 572 2653 consciuerit
604 2588 684 2652 mori
716 2588 824 2652 iussus
857 2607 878 2651 a
909 2594 1067 2670 tyranno,
1104 2587 1137 2650 16
1168 2586 1394 2671 plerorumque

165 2702 329 2761 teneretur
356 2694 579 2759 admiratione.
626 2693 727 2778 adde,
761 2692 899 2776 quodsi
931 2694 1130 2759 nominasset
1171 2692 1394 2759 aduersarium

165 2803 199 2867 in
221 2802 312 2888 libro,
336 2802 491 2866 hocloco
520 2822 583 2865 666
606 2802 769 2886 potuisset
793 2801 827 2865 id
850 2822 914 2865 non
938 2821 1202 2866 commemorare:
1236 2801 1283 2865 ita
1307 2802 1393 2866 enim

165 2909 273 2976 facere
297 2909 381 2975 solet
403 2908 527 2992 aliquot
556 2929 636 2991 quos
659 2908 757 2992 paulo
781 2913 857 2972 6616
885 2907 1051 2973 attulimus
1081 2907 1172 2973 locis.
1220 2908 1329 2990 itaque
1353 2927 1392 2971 eo

164 3023 290 3081 1661616
313 3016 500 3082 6661616616
524 3015 677 3100 progredi
691 3015 828 3080 forsitan
842 3014 949 3098 116661,
972 3021 1007 3078 61
1021 3035 1062 3079 ex
1086 3014 1154 3078 irae
1169 3034 1233 3095 qua
1247 3015 1393 3099 increpet

165 3124 255 3189 illum
283 3124 445 3207 grauitate
474 3123 674 3208 suspicemur
703 3123 736 3187 in
763 3122 845 3187 libro
874 3120 915 3186 de
949 3121 1057 3185 causis
1080 3121 1211 3186 6661666
1235 3119 1406 3203 quosdam.

166 3238 278 3298 contra
305 3230 395 3295 illum
424 3230 561 3296 emissos
596 3251 670 3295 esse
697 3250 762 3294 non
790 3229 895 3294 611666
929 3233 1023 3292 66616
1056 3227 1199 3293 66661166
1232 3248 1328 3310 quam
1360 3228 1393 3290 in

165 3339 370 3423 prioribus
393 3337 457 3402 loci
480 3358 500 3402 a
523 3337 616 3402 nobis
640 3337 771 3402 tractati
800 3335 1006 3401 sectionibus.
1060 3355 1125 3417 qna
1157 3355 1229 3399 6616
1260 3355 1295 3399 16
1327 3334 1393 3397 6116

166 3452 256 3510 61616
280 3447 440 3510 cohaeret.
481 3445 645 3527 quaeritur
668 3444 761 3528 enim,
784 3463 859 3507 num
884 3441 1011 3506 6616166
1034 3441 1068 3505 16
1091 3441 1147 3505 1116
1169 3441 1251 3506 libro
1279 3439 1392 3504 aduer-

166 3553 271 3619 sarios
293 3552 519 3617 nominatim
538 3552 705 3635 ingressus
720 3551 771 3616 sit.
795 3556 892 3632 atque
916 3569 955 3613 611
975 3569 1023 3633 66,
1047 3547 1134 3630 quod
1153 3548 1309 3613 Senecam
1327 3567 1393 3612 non

166 3679 266 3724 66666
290 3666 341 3725 661
363 3658 539 3744 appellare,
571 3678 629 3744 per
662 3678 698 3723 se
729 3678 793 3721 non
823 3657 970 3740 ‘sequitur
1001 3676 1042 3720 ne
1074 3655 1231 3719 minorum
1263 3654 1393 3736 quidem

165 3767 328 3832 hominum
350 3767 481 3831 nomina
504 3766 545 3831 ab
569 3786 608 3830 66
632 3764 844 3848 ignominiose
868 3770 981 3827 notata
1005 3783 1087 3828 esse.
1125 3761 1279 3845 deinceps
1297 3761 1393 3825 Fabii

166 3894 236 3940 mos
260 3880 319 3959 est,
341 3879 386 3958 61,
410 3874 464 3938 ubi
479 3872 617 3938 rhetoris
632 3872 769 3937 alicuius
785 3871 965 3937 6661661166
980 3875 1153 3953 oppugnet,
1178 3887 1249 3931 6616
1264 3867 1392 3930 6661166

166 3980 324 4066 appellet:
350 3979 436 4064 quod
458 3979 657 4062 intellegitur
680 3999 720 4043 ex
743 3979 775 4042 Il
803 3980 850 4063 15,
873 3977 928 4042 uhi
951 3976 992 4040 de
1015 3975 1095 4040 artis
1124 3973 1304 4038 rhetoricae
1338 3974 1392 4038 de-

166 4088 311 4153 finitione
344 4087 547 4173 disputat.¹⁹)
601 4107 706 4170 neque
734 4086 799 4151 alio
832 4084 927 4148 modo
956 4083 1081 4147 Seneca
1111 4088 1204 4165 pater
1237 4081 1391 4146 conuiciis

167 4195 302 4261 incessit
340 4195 485 4260 rhetores
527 4195 582 4277 qui
622 4193 872 4278 reprehensione
910 4189 1000 4272 digni
1033 4189 1095 4253 sibi
1127 4189 1277 4254 uidentur
1310 4208 1391 4254 esse.

258 4445 456 4514 ¹⁹)s1mnner
484 4443 642 4499 cornorum
669 4443 778 4498 oenum
802 4425 931 4509 'increpat
957 4439 968 4491 1
992 4439 1010 4492 6
1038 4440 1081 4492 aa.
1115 4439 1149 4493 66
1180 4441 1209 4492 et
1233 4437 1273 4490 111
1306 4437 1331 4501 o,
1365 4438 1390 4490 3.

167 4539 191 4604 t,
211 4535 435 4640 Samni.
453 4534 479 4601 4,
500 4535 560 4587 132.
597 4533 650 4586 XII
671 4534 713 4598 ll,
733 4533 767 4586 24
787 4528 928 4596 (mediocri
948 4529 992 4582 uir
1009 4528 1141 4598 iugenio).
