3128 4942
787 262 806 326 7

274 455 326 520 Illi
357 455 456 539 igitur
488 461 553 522 tres
586 456 648 522 loci
681 478 740 544 pro
769 458 960 542 fragmentis
988 456 1129 522 habendi
1158 463 1232 523 sunt
1259 477 1343 541 quae
1371 478 1411 522 ex

186 562 267 628 libro
292 561 461 648 deperdito
485 564 556 649 ipse
577 565 670 631 nobis
688 565 903 634 conseruauit.
938 563 1065 631 accedit
1084 571 1256 649 quartus,
1280 563 1411 631 adlatus

185 670 239 736 ille
263 669 402 755 quidem,
427 669 486 737 sed
509 670 574 736 iam
596 671 724 758 plenius
748 672 987 739 exscribendus.

273 793 308 883 4)
336 795 413 861 VIII
428 799 458 880 6,
475 798 619 864 73-76:
645 797 792 881 quamuis
816 804 866 863 est
889 798 992 864 omnis
1014 797 1192 882 hyperbole
1204 797 1290 862 ultra
1304 795 1410 881 fidem,

184 924 249 968 non
272 909 381 968 tamen
404 923 477 969 esse
501 902 598 970 debet
621 904 706 970 ultra
730 904 860 970 modum
882 925 943 971 nec
966 904 1033 970 alia
1055 904 1110 970 uia
1132 905 1238 988 magis
1261 903 1294 969 in
1318 924 1409 969 caco-

186 1009 301 1076 zeliam
328 1011 400 1079 itur.
447 1011 538 1096 piget
564 1011 685 1077 referre
716 1012 855 1098 plurima
887 1011 962 1078 hinc
993 1019 1064 1078 orta
1092 1011 1186 1095 uitia,
1215 1031 1286 1077 cum
1317 1030 1409 1096 prae·

185 1117 294 1184 sertim
325 1116 455 1182 minime
478 1117 543 1183 sint
566 1118 678 1201 ignota
702 1125 734 1184 et
757 1120 903 1186 obscura.
932 1139 1062 1185 monere
1091 1119 1172 1185 satis
1206 1124 1256 1184 est
1282 1118 1410 1184 mentiri

182 1223 390 1310 hyperbolen,
417 1244 477 1289 nec
504 1225 552 1291 ita
574 1233 609 1290 ut
631 1226 800 1292 mendacio
825 1225 939 1293 fallere
968 1226 1108 1292 uelit..
1133 1278 1140 1292 .
1165 1280 1172 1294 .
1198 1225 1232 1312 (ξ
1257 1225 1313 1313 75)
1337 1277 1344 1292 .
1368 1277 1375 1292 .
1400 1277 1407 1291 .

182 1330 217 1418 (ξ
242 1333 325 1418 16).
349 1382 356 1397 .
381 1385 388 1400 .
414 1387 420 1399 .
446 1331 505 1398 sed
528 1331 570 1398 de
592 1332 654 1398 hoc
677 1333 768 1419 satis,
791 1333 868 1417 quia
892 1333 1028 1399 eundem
1052 1334 1157 1399 locum
1187 1334 1343 1420 plenius
1371 1334 1409 1398 in

182 1459 227 1505 eo
250 1439 350 1505 libro
375 1459 446 1523 quo
471 1459 613 1506 causas
637 1448 841 1527 corruptae
870 1440 1120 1524 eloquentiae
1148 1441 1409 1508 reddebamus

181 1547 445 1613 tractauimus.

269 1653 315 1720 VI
336 1674 469 1740 prooem
492 1658 512 1736 ξ
536 1657 556 1721 3
581 1654 622 1721 de
646 1662 835 1739 argumento
859 1655 933 1721 libri
956 1655 1035 1720 nihil
1059 1655 1138 1721 dicit
1161 1656 1291 1722 Fabius.

272 1907 302 1983 1)
330 1903 420 1971 Libri
448 1904 552 1988 quinti
580 1905 742 1992 capitibus
768 1909 876 1972 1-12
900 1905 1120 1984 Quintilianus
1148 1906 1281 1993 exponit
1304 1906 1346 1972 de
1369 1927 1409 1973 ea

180 2019 273 2098 parte
287 2011 483 2078 inuentionis
499 2033 583 2097 quae
597 2019 724 2099 spectat
740 2013 784 2078 ad
798 2015 1084 2099 probationem:
1108 2015 1143 2079 in
1159 2035 1224 2098 qua
1238 2013 1409 2080 tractanda

181 2118 352 2206 plurimum
376 2118 566 2203 diligentiae
594 2120 726 2187 insumit
753 2121 786 2186 in
813 2121 940 2188 ratione
968 2142 1032 2205 qua
1058 2123 1122 2188 loci
1150 2127 1410 2206 argumentorum

181 2226 384 2294 excutiantur
407 2227 623 2312 explananda.
666 2227 749 2294 ch
776 2231 824 2313 10,
849 2231 899 2296 20.
944 2249 1020 2294 nam
1042 2229 1125 2296 haec
1149 2228 1321 2316 explicatio
1345 2249 1410 2294 non

179 2335 279 2400 multo
310 2335 416 2401 minus
457 2354 553 2418 quam
585 2334 753 2400 dimidiam
785 2335 858 2401 libri
898 2343 1025 2421 partem
1065 2336 1185 2422 implet.
1236 2342 1409 2420 antequam

181 2441 335 2528 deinceps
359 2448 505 2508 transeat
528 2442 572 2507 ad
594 2442 889 2528 refutationem,
913 2464 1060 2528 excursu,
1082 2443 1137 2527 qui
1160 2464 1181 2508 a
1203 2443 1312 2509 media
1331 2447 1407 2526 §17

182 2549 340 2635 incipiens
364 2549 507 2616 continet
531 2553 686 2636 caput12
709 2550 875 2635 reliquum,
899 2550 986 2616 facto
1011 2571 1046 2616 se
1071 2557 1214 2635 excusat,
1237 2550 1324 2635 quod
1341 2557 1408 2616 tam

180 2654 236 2721 diu
258 2657 293 2721 in
315 2656 433 2742 topicis
456 2663 600 2725 moratus
624 2658 675 2727 sit.
716 2657 881 2743 debebam,
907 2657 1018 2741 inquit,
1041 2657 1089 2724 ita
1113 2657 1229 2743 facere,
1254 2657 1330 2742 quia
1353 2659 1408 2742 qui

180 2763 394 2830 declamando
418 2784 536 2849 pueros
561 2770 593 2830 et
616 2764 843 2832 adulescentes
862 2765 1034 2832 instituunt
1057 2765 1163 2851 ipsam
1180 2765 1265 2831 hanc
1282 2771 1408 2851 partem

181 2870 298 2938 docere
320 2892 385 2937 non
408 2872 527 2938 solent:
552 2892 615 2955 quo
638 2871 683 2957 fit,
712 2878 747 2937 ut
774 2892 839 2937 non
866 2872 910 2938 ad
934 2892 1105 2939 causarum
1127 2872 1302 2938 forensium
1325 2872 1407 2938 ueri-

180 2985 289 3062 tatem,
322 2978 381 3045 sed
414 2978 457 3044 ad
489 2979 619 3044 inanem
650 2980 829 3065 uoluptatis
858 2979 1076 3065 captationem
1104 2979 1282 3065 discipulos
1314 3000 1407 3065 prae-

179 3091 304 3171 parent.
342 3106 381 3150 ac
403 3086 469 3151 iam
493 3086 704 3153 acerbissima
727 3086 842 3153 ductus
866 3086 1091 3171 indignatione
1106 3086 1230 3152 confert
1246 3087 1320 3153 illos
1335 3107 1407 3152 cum

179 3192 394 3276 mangonibus
423 3193 477 3276 qui
512 3193 676 3279 spadones
709 3194 832 3259 faciunt
859 3193 1107 3278 uenduntque3).
1156 3215 1232 3259 nam
1256 3193 1407 3278 quemad-

179 3299 310 3365 modum
333 3299 577 3367 sceleratissimi
613 3301 661 3365 illi
697 3301 854 3367 uirilitate
886 3301 998 3367 excisa
1030 3300 1159 3366 mollem
1193 3307 1225 3367 et
1258 3321 1407 3366 eneruem

181 3406 335 3472 efficiunt
360 3406 495 3472 formam
532 3427 717 3493 puerorum,
762 3408 809 3473 ita
847 3407 1083 3474 declamatores
1121 3408 1217 3474 robur
1255 3409 1407 3491 frangunt

181 3514 395 3598 ingeniorum:
425 3513 633 3580 adsectantes
661 3515 788 3598 utrique
811 3514 1058 3600 pulchritudinis
1082 3514 1256 3598 imaginem
1278 3536 1407 3602 peruer-

180 3641 260 3689 sam.
305 3621 457 3707 placeant
481 3642 616 3707 corpora
638 3622 782 3688 libidinis
807 3642 907 3688 causa
930 3621 1079 3687 mutilata
1101 3621 1284 3688 libidinosis
1307 3623 1406 3689 homi-

178 3727 288 3794 nibus:
313 3729 407 3794 aliter
429 3729 553 3794 iudicat
576 3729 630 3813 qui
654 3737 801 3795 sanctam
824 3729 915 3795 nouit
937 3735 1095 3814 naturam,
1120 3730 1214 3795 aliter
1238 3738 1407 3797 senserunt

180 3835 235 3919 qui
258 3836 376 3903 statuis
399 3835 483 3903 fictis
511 3837 650 3922 pictisue
677 3836 798 3902 tabulis
825 3836 1071 3902 admirationem
1099 3843 1131 3901 et
1159 3836 1406 3903 delectationem

178 3949 348 4010 mouerunt
370 3963 489 4009 ueram.
526 3944 644 4010 etenim
667 3942 802 4029 perfecti
825 3944 887 4009 uiri
911 3943 1013 4009 forma
1037 3943 1202 4029 pulchrius
1225 3964 1285 4009 nec
1299 3951 1406 4010 mente

180 4050 358 4134 excogitari
386 4071 491 4134 neque
519 4058 589 4117 arte
618 4051 753 4136 exprimi
781 4057 898 4137 potest.
945 4051 992 4117 sic
1020 4071 1061 4116 ne
1090 4051 1252 4117 oratoriae
1276 4051 1405 4136 quidem

179 4158 259 4224 artis
282 4165 475 4244 praeceptor
494 4157 668 4244 disciplina
691 4179 752 4225 sua
770 4158 876 4225 maius
898 4158 1055 4225 meliusue
1077 4157 1277 4225 conformare
1297 4165 1406 4245 potest

135 4364 136 4368 ’
252 4369 274 4440 ³)
293 4372 522 4428 Scelestissimum
540 4374 621 4428 illum
639 4392 743 4430 morem
757 4374 836 4428 Fabii
850 4373 1020 4443 temporibus
1034 4374 1206 4442 frequentem
1225 4373 1308 4429 fuisse
1327 4375 1406 4431 docet

178 4461 362 4517 Suetonius
381 4480 399 4515 u
419 4462 571 4518 Domitiani
590 4465 644 4529 el,
669 4464 717 4518 ubi
736 4464 804 4517 haec
821 4466 917 4518 namat
936 4463 968 4518 de
987 4463 1163 4532 imperatore:
1183 4465 1298 4518 castrari
1316 4483 1405 4520 mares

178 4551 282 4609 uetuit:
306 4551 460 4625 spadonum
478 4553 527 4623 qui
544 4552 646 4612 residui
665 4553 739 4626 apud
757 4570 908 4626 mangones
928 4555 1007 4616 erant
1025 4553 1116 4627 pretia
1134 4553 1290 4614 moderatus
1309 4559 1359 4617 est.
