3226 4942
810 242 854 306 70

306 436 390 515 Quid
418 438 517 522 igitur
543 438 723 504 iudicamus
752 437 793 505 de
821 437 997 524 sophistis?
1048 458 1154 504 nonne
1181 437 1366 504 instaurare
1397 439 1447 504 ui-

217 546 332 612 dentur
368 568 470 630 genus
506 547 587 612 illud
624 543 781 613 Asianum
820 546 907 629 quod
947 547 1191 612 iuculoauerant
1226 545 1449 631 Dionysius

218 654 519 721 Halicarnassensis
544 664 575 720 et
599 655 798 720 Caecilius
824 654 1024 720 Calactites?
1071 653 1158 738 quod
1180 675 1221 719 uc
1246 654 1449 740 arbitremur,

219 783 256 829 eo
280 761 425 847 profecto
454 782 517 827 non
545 763 757 847 prohibemur,
786 761 873 846 quod
901 768 1028 829 constat
1056 763 1090 826 in
1118 761 1247 827 delectu
1275 763 1450 827 uerborum

218 870 382 955 sophistas
406 872 622 937 Atticorum
646 870 834 937 desudasse.
882 876 984 936 totum
1007 871 1090 936 enirn
1114 890 1217 954 genus
1246 869 1375 936 dicendi
1398 870 1450 935 in-

219 977 375 1061 telligitur
403 978 566 1044 diuersum
590 979 631 1044 ab
654 979 796 1061 ingenua
824 978 980 1045 orationis
1003 978 1133 1044 Atticae
1160 977 1270 1044 indole
1294 983 1326 1043 et
1349 998 1451 1060 quam

220 1085 414 1150 simillimum
437 1086 580 1151 Asianos
603 1085 725 1150 feritati
749 1084 911 1172 11166644)

307 1211 343 1274 In
371 1210 529 1275 Asiana·
544 1209 642 1293 igitur
675 1208 739 1274 dici
766 1215 875 1293 potest
906 1209 1060 1275 facundia
1092 1209 1231 1277 desiisse
1261 1209 1452 1293 eloquentia

220 1318 355 1401 Graeca,
387 1318 532 1381 Romana
564 1316 597 1380 in
630 1322 819 1401 corrupta.
865 1336 969 1399 neque
1001 1315 1100 1400 igitur
1131 1317 1310 1401 Dionysius
1342 1336 1452 1400 neque

312 1582 753 1654 Η)Η66666111611166161611111
775 1585 943 1640 aRohdio
970 1585 1001 1638 in
1023 1585 1093 1640 libro
1117 1586 1151 1639 16
1173 1585 1275 1639 fabulis
1293 1586 1452 1640 Romanen-

221 1674 295 1728 sibus
319 1675 430 1729 Graecis
459 1675 613 1743 conscripti,
637 1676 727 1743 paco
745 1693 804 1743 sqq,
828 1675 948 1729 maxime
967 1675 1019 1728 290
1045 1675 1099 1729 adn
1118 1676 1143 1728 1.
1184 1674 1343 1743 opinionem
1365 1675 1453 1744 plane

222 1765 257 1818 ab
276 1764 328 1818 hac
347 1765 483 1819 diuersam
502 1765 627 1833 exposuit
646 1765 669 1818 G
689 1764 868 1819 Kaibelius
886 1765 1004 1818 Hermae
1022 1765 1068 1818 vol
1083 1764 1125 1829 20,
1145 1764 1229 1832 pls?
1244 1781 1303 1831 sqq.
1331 1763 1355 1817 is
1374 1763 1453 1818 enim

221 1872 239 1907 a
256 1853 420 1922 Dionysio
439 1857 488 1908 aut
507 1847 701 1923 praeparatam
720 1857 769 1908 aut
788 1857 960 1923 procreatam
978 1872 1035 1909 esse
1047 1853 1234 1923 sophistarum
1253 1857 1342 1909 artem
1355 1853 1452 1908 studet

221 1945 342 2013 probare.
381 1944 539 2013 obstupebit
558 1944 683 2012 quisquis
701 1944 753 1998 illa
770 1943 912 2012 ingeniose
931 1943 1090 2012 excogitata
1108 1932 1222 2013 legerit:
1247 1943 1295 2012 qui
1309 1943 1452 1999 examina·

222 2034 294 2089 uerit
312 2051 367 2087 non
387 2033 565 2098 adsentietur,
594 2036 626 2087 ut
651 2033 754 2102 opinor.
792 2050 826 2087 ne
849 2032 1000 2086 Rohdius
1028 2032 1139 2100 quidem
1168 2035 1210 2086 est
1237 2033 1375 2093 adsensus,
1402 2033 1453 2087 sed

222 2123 265 2175 Rh
288 2124 317 2176 M
336 2125 378 2188 41,
402 2143 421 2193 p
447 2125 496 2177 178
520 2142 571 2192 sqq
594 2125 665 2179 mira
689 2125 807 2192 quadam
833 2123 984 2178 acrimonia
1012 2123 1043 2177 in
1065 2123 1156 2177 uirum
1180 2124 1292 2178 doctum
1314 2123 1451 2178 inuehens

222 2229 317 2266 causas
341 2213 441 2280 quibus
464 2214 512 2267 ille
535 2215 682 2268 inuentum
704 2232 785 2267 suum
807 2213 966 2268 inauditum
993 2213 1126 2268 fulciebat
1150 2213 1313 2282 grauissimo
1340 2214 1450 2284 impetu

223 2301 301 2355 humi
330 2305 449 2357 sternere
476 2303 529 2358 sibi
557 2304 674 2358 uidetur.
722 2307 806 2372 atque
833 2304 903 2356 illud
931 2303 1043 2371 quidem
1070 2302 1192 2357 Kaibelii
1219 2321 1273 2370 quo
1297 2302 1453 2358 arbitratur

223 2390 355 2460 Dionysio
369 2411 431 2447 oum
446 2394 575 2463 sophistis
590 2411 732 2448 commune
746 2394 830 2448 fuisse
845 2390 975 2462 ἐγκυκλίου
994 2389 1106 2453 παιδείας
1125 2392 1248 2447 studium
1267 2391 1369 2448 frastra
1386 2394 1451 2448 sub·

224 2486 330 2538 uertere
349 2488 464 2539 conatur
482 2504 500 2554 p
517 2486 646 2539 ruo-72.
675 2485 748 2552 quod
761 2502 826 2538 uero
841 2484 909 2540 dicit
921 2501 955 2538 ex
968 2501 1000 2538 eo
1015 2484 1088 2551 quod
1102 2484 1197 2538 Attica
1210 2484 1295 2538 uerba
1309 2482 1451 2552 sophistae

223 2574 439 2641 conquisiuerint
453 2592 508 2628 non
522 2573 647 2628 concludi
661 2590 738 2643 posse
753 2575 788 2628 ab
802 2573 906 2628 Asiana
925 2573 1049 2627 oratione
1067 2575 1156 2628 artem
1175 2572 1354 2642 sophisticam
1366 2571 1454 2628 fuisse

224 2662 357 2717 alienam:
390 2680 486 2716 uerum
509 2662 620 2731 penitus
643 2663 811 2732 perspexisse
833 2663 973 2717 Rohdium
997 2662 1124 2730 equidem
1149 2663 1346 2717 contenderim.
1386 2679 1455 2716 nam

224 2769 257 2806 ex
280 2751 318 2806 eis
343 2769 414 2818 quae
438 2751 528 2804 adfert
551 2769 569 2819 p
590 2752 706 2805 173-75
734 2752 794 2805 luce
822 2751 922 2805 elarius
946 2753 1062 2820 apparet
1091 2752 1135 2806 uel
1164 2751 1187 2805 si
1210 2751 1300 2820 ipsam
1328 2751 1455 2807 Atticam

224 2840 393 2895 redoluerint
421 2840 605 2909 sophistarum
637 2841 751 2906 uerba,
784 2843 879 2896 tamen
906 2840 1134 2895 elocutionem
1167 2841 1264 2896 multis
1295 2840 1455 2896 nominibus

225 2929 344 2984 Asianae
363 2930 446 2983 fuisse
464 2930 645 2984 simillimam.
682 2949 749 2986 nam
767 2930 886 2985 maxime
900 2930 1058 2984 Kaibelium
1077 2930 1180 3000 fugisse
1198 2931 1269 2984 mihi
1287 2931 1406 2996 uidetur,
1419 2959 1452 2968 —

225 3019 299 3087 quod
320 3019 396 3073 illius
420 3039 481 3074 cum
504 3039 572 3089 pace
594 3021 677 3075 liceat
700 3021 796 3084 dicere,
819 3049 847 3059 -
869 3020 942 3088 quod
965 3020 1041 3074 aliud
1060 3024 1101 3076 est
1120 3020 1223 3074 uerba
1242 3023 1323 3075 caute
1341 3020 1453 3090 eligere,

226 3109 302 3163 aliud
325 3113 432 3165 totam
456 3111 644 3165 orationem
663 3111 698 3165 ad
717 3113 821 3166 certum
841 3111 978 3178 quendam
997 3110 1139 3164 modulum
1157 3109 1338 3164 conformare:
1365 3128 1453 3178 quan-

226 3217 310 3265 quam
334 3216 429 3253 uerum
449 3202 490 3253 est
509 3200 646 3254 delectum
668 3201 863 3255 uocabulorum
888 3199 1024 3269 pertinere
1043 3199 1078 3252 ad
1097 3199 1304 3253 elocutionis
1326 3199 1453 3254 formam.

226 3306 302 3343 sane:
323 3289 369 3343 sed
387 3289 437 3342 illo
456 3290 563 3343 delectu
582 3289 656 3343 facto
674 3290 779 3343 frustra
797 3290 929 3343 conabere
948 3287 1070 3356 adsequi,
1090 3290 1122 3341 ut
1140 3305 1291 3342 sermonem
1311 3288 1388 3342 ouius
1402 3288 1455 3343 illa

228 3380 292 3431 sunt
321 3379 444 3432 membra
471 3379 551 3446 quasi
578 3378 693 3432 disiecta
720 3381 771 3433 tua
798 3379 885 3433 oratio
913 3378 999 3447 spiret
1027 3380 1055 3432 et
1082 3378 1213 3432 redoleat.
1233 3406 1265 3415 -
1286 3377 1453 3432 Asianorum

227 3467 386 3521 facundiam
405 3487 422 3522 a
440 3468 572 3536 Dionysio
590 3485 740 3536 repressam
759 3468 837 3522 illam
857 3467 968 3535 quidem
987 3468 1017 3521 at
1040 3485 1096 3521 non
1119 3466 1257 3522 deuictam
1280 3484 1344 3532 esse,
1367 3467 1454 3522 immo

228 3573 291 3610 uero
311 3557 451 3611 duranisse
469 3574 556 3624 usque
579 3556 615 3611 ad
633 3556 760 3612 Nicetem
780 3575 797 3611 a
815 3575 869 3624 quo
887 3574 990 3610 nouum
1009 3558 1091 3611 robur
1109 3556 1252 3626 acceperit,
1272 3555 1379 3611 Rohdio
1397 3574 1454 3610 non

226 3645 402 3699 concesserim
426 3646 465 3712 (cf
484 3646 565 3699 illum
588 3647 599 3699 l
617 3646 634 3699 d
653 3663 672 3715 p
694 3646 851 3713 rus-183).
888 3646 999 3700 omuino
1021 3646 1147 3715 ignoscat
1170 3645 1240 3698 mihi
1267 3646 1316 3700 ille
1338 3645 1454 3700 audenti

226 3736 348 3802 repetere
368 3752 438 3801 quae
461 3735 544 3803 paulo
563 3737 637 3799 ante,
662 3735 717 3788 adn
736 3736 801 3800 24³,
822 3734 958 3788 dicebam:
982 3734 1134 3788 cauendum
1153 3733 1264 3788 uidetur
1282 3751 1339 3789 esse
1361 3735 1392 3789 in
1409 3735 1454 3789 his

226 3822 306 3877 rebus
324 3823 490 3891 indagandis
508 3841 543 3878 ne
561 3823 739 3878 informemus
758 3823 850 3878 animo
865 3841 966 3877 nexum
979 3841 1071 3877 rerum
1085 3827 1113 3879 et
1127 3825 1282 3892 temporum
1301 3824 1350 3892 qui
1363 3823 1454 3894 primo

227 3912 326 3966 obtutu
342 3912 483 3981 splendore
495 3912 615 3981 quodam
628 3931 676 3967 nos
691 3913 813 3977 adliciat,
829 3913 960 3966 acriorem
974 3913 1111 3966 trutinam
1125 3930 1180 3967 non
1193 3913 1338 3968 sustineat.
1356 3913 1454 3982 itaque

227 4002 347 4055 multum
361 4002 451 4055 hercle
466 4003 543 4057 abest
556 4006 589 4058 ut
603 4002 771 4057 subscribam
786 4002 859 4069 quod
873 4002 940 4056 dicit
954 4003 992 4056 ld
1007 4021 1025 4072 p
1037 4002 1100 4056 190:
1120 4001 1155 4056 So
1173 4001 1248 4056 steht
1266 4019 1296 4056 61
1314 4002 1387 4057 deun
1403 4019 1455 4056 vor

228 4108 287 4155 uns,
307 4090 354 4143 der
372 4091 527 4160 Sprdssling'
545 4092 591 4146 des
610 4091 788 4156 Asianismus,
814 4090 859 4144 116
877 4092 973 4146 aweite
991 4091 1141 4160 Sophiam,
1162 4090 1216 4145 alle
1234 4090 1340 4160 Spuren
1358 4093 1452 4146 1161111-

227 4179 314 4233 licher
332 4180 494 4249 Vererbung
517 4181 557 4233 im
575 4181 687 4235 Gesicht
710 4180 835 4250 tragend,
864 4185 907 4229 τοῦ
930 4180 1022 4251 πατρὸς
1045 4179 1072 4230 τὸ
1095 4177 1198 4230 παιδίον.
1236 4181 1340 4236 etenim
1361 4180 1454 4235 iurare

227 4269 258 4322 in
269 4269 354 4322 uerba
372 4269 500 4338 magistri
514 4287 577 4323 nou
595 4287 705 4337 possum
724 4269 869 4324 alterius
888 4269 1007 4323 utrius.
1027 4269 1060 4324 16
1078 4269 1264 4338 sophistarum
1282 4273 1342 4324 arte
1355 4287 1453 4339 pauca,

228 4358 275 4412 sed
306 4357 459 4412 rectissima
490 4358 558 4413 dicit
586 4358 868 4413 Wilamowitzius
900 4358 930 4411 iu
962 4359 1031 4413 libro
1064 4357 1112 4425 qui
1140 4362 1181 4414 est
1213 4359 1250 4414 de
1281 4359 1453 4429 Antigono

229 4448 388 4517 Carystio
408 4448 565 4501 doctissimo
583 4466 602 4517 p
624 4447 673 4501 173
692 4449 736 4516 (=
758 4448 849 4502 Philol
868 4448 1123 4519 Untersuchungen,
1147 4449 1215 4506 Heft
1232 4447 1272 4518 Al:
1296 4465 1369 4519 quae
1390 4465 1452 4503 oon·

228 4537 299 4593 feras
318 4537 410 4592 uelim.
