3128 4942
759 268 801 337 15

678 361 891 370 ———--

172 470 206 553 3,
238 472 259 534 4
292 462 326 554 (p
362 469 416 552 13,
466 469 508 532 14
540 464 624 530 Jahn
658 496 696 519 =
729 467 744 528 Ι
781 469 857 550 148,
895 468 932 532 18
969 463 1028 552 Sp)
1060 465 1142 531 haec
1174 465 1397 531 inueniuntur:

170 581 196 640 τί
218 571 282 640 ποτ’
307 572 412 640 οὖντὸ
436 575 625 658 μειρακιῶδές
649 571 738 649 soon
762 572 782 661 ἠ
807 572 867 658 [sic
890 593 961 638 cum
983 573 1091 638 Fabro
1114 593 1173 658 pro
1197 570 1228 660 ἢ]
1254 575 1343 660 δῆλον
1357 573 1398 646 ὡς

170 685 352 769 σχολαστικὴ
376 686 483 766 νόησις,
506 681 561 744 tro
584 686 745 764 περιεργίας
759 682 893 766 λήγουσα
916 677 957 753 εἰς
981 685 1162 767 ψινχρόι-ητα;
1186 678 1400 746 ὀλισθαίνοοσιν

168 788 210 863 εἷς
232 799 320 854 τοῦτο
347 793 379 853 τὸ
408 794 489 870 γένος
521 784 690 874 ὀρεγόμενοι
722 793 773 874 μὲν
804 797 856 852 τοῦ
883 796 1011 872 περιττοῦ
1044 792 1096 852 καὶ
1123 794 1317 875 πεποιημένου
1348 791 1401 852 καὶ

171 900 297 984 μάλιστα
319 905 371 960 τοῦ
395 892 491 982 ἡδέος,
524 892 735 967 ἐποκέλλοντες
764 895 795 958 δὲ
822 891 863 967 εἰς
890 898 922 958 τὸ
951 891 1078 978 ῥωπικὸν
1106 898 1159 958 καὶ
1181 897 1396 981 κακόζηλον.

261 1021 368 1087 Genus
391 1019 491 1102 igitur
514 1018 599 1102 quod
624 1019 678 1102 qui
701 1018 797 1084 nimis
821 1018 938 1104 cupide
954 1017 1111 1104 adpetunt
1133 1018 1322 1103 longissime
1343 1020 1397 1086 dc·

171 1129 302 1195 flectunt
331 1147 351 1191 a
379 1145 457 1193 uero
486 1131 537 1192 est
568 1125 649 1190 illud
679 1125 766 1209 quod
793 1125 956 1191 medium
985 1146 1001 1192 s
1030 1125 1213 1191 floridum
1241 1125 1398 1214 (ἀνθηρόν)

170 1234 258 1320 apud
287 1234 433 1300 rhetores
466 1232 565 1298 audit.
622 1233 657 1298 cf
680 1234 749 1299 lnst
771 1233 835 1296 XII
864 1235 910 1317 10,
934 1236 976 1299 58
1001 1253 1068 1315 sqq.
1114 1232 1263 1299 medius
1291 1239 1399 1299 autem

168 1342 229 1408 bic
247 1340 380 1407 modus
396 1340 493 1406 debet
508 1360 590 1425 esse,
613 1347 648 1405 ut
671 1346 745 1405 utar
759 1340 867 1406 uerbis
883 1339 986 1423 Fabii,
1010 1344 1042 1421 (ἓ
1059 1341 1115 1424 60)
1132 1347 1164 1406 et
1179 1340 1398 1406 translationi-

168 1451 229 1516 bus
253 1449 393 1515 crebrior
422 1454 455 1515 et
482 1447 595 1531 figuris
619 1447 796 1532 iucundior,
821 1447 1061 1530 egressionibus
1085 1468 1248 1533 amoenus,
1272 1468 1398 1533 compo-

135 1545 141 1556 ’
170 1556 287 1622 sitione
311 1562 421 1640 aptus,
450 1555 618 1621 sententiis
642 1553 760 1639 dulcis,
789 1555 892 1620 lenior
918 1562 1042 1634 tamen,
1072 1562 1107 1621 ut
1134 1556 1239 1622 amnis
1271 1555 1398 1623 lucidus

171 1661 316 1747 quidem,
349 1661 407 1728 sed
436 1661 614 1728 uirentibus
642 1662 801 1744 utrimque
832 1661 912 1747 ripis
940 1662 1150 1728 inumbratus.
1205 1670 1240 1728 ut
1271 1663 1398 1746 largis

170 1769 269 1852 igitur
292 1769 530 1835 ornamentis
560 1768 726 1851 efferatur,
753 1768 848 1835 buius
877 1769 1006 1853 generis
1035 1776 1085 1835 est
1117 1770 1295 1854 proprium:
1320 1789 1396 1851 qua·
1451 1771 1455 1781 ’

170 1881 302 1961 propter
329 1895 399 1940 cum
422 1876 470 1941 illi
494 1879 664 1963 κακόζηλον
686 1876 825 1941 maxime
840 1876 1005 1943 imminere
1028 1875 1208 1962 audiamus,
1232 1876 1397 1961 cognosci-

169 2002 240 2047 mus
263 1981 345 2046 illud
373 1982 487 2048 uitium
514 1983 655 2068 positum
684 2003 758 2050 esse
781 1983 814 2048 in
842 1990 1004 2050 ornatus
1031 1984 1130 2049 nimia
1154 1983 1341 2069 cupiditate.
1349 1983 1396 2070 71·)

169 2095 268 2173 atque
291 2089 326 2154 id
349 2090 456 2176 ipsum
479 2091 577 2176 paulo
601 2097 678 2157 ante
702 2112 742 2158 ex
766 2089 957 2167 Quintiliani
981 2092 1088 2159 uerbis
1111 2091 1335 2159 conclusimus.

259 2301 299 2372 ἵ··)
318 2305 360 2358 Ex
377 2303 421 2359 his
440 2321 573 2372 apparere
592 2304 719 2358 existimo
741 2305 804 2358 falli
822 2306 847 2358 R
866 2305 1114 2361 Volkmannum
1138 2306 1213 2361 Artis
1233 2305 1397 2361 Rhetoricae

169 2393 330 2448 Graecorum
351 2397 380 2448 et
398 2391 600 2447 Romanorum'
618 2412 638 2463 p
656 2394 707 2448 406
730 2393 879 2449 dicentem:
908 2395 969 2449 Von
988 2395 1165 2449 Demetrius.
1182 2435 1232 2448 ...
1252 2395 1309 2449 und
1326 2395 1397 2449 noch

167 2483 245 2538 mehr
266 2500 320 2537 von
339 2484 461 2552 Hermog
483 2482 516 2536 de
539 2482 588 2536 inu
607 2483 646 2536 IV
667 2483 700 2536 12
718 2501 737 2552 ρ
755 2483 807 2537 256
826 2513 861 2520 -
880 2500 962 2552 quem
981 2483 1072 2554 ipsum
1090 2484 1180 2538 iocum
1205 2502 1288 2553 supra
1311 2484 1396 2539 attuli

168 2599 197 2610 -
219 2572 289 2626 wird
311 2573 360 2627 das
384 2568 530 2642 κακόζηλον
553 2573 723 2642 heineswegs
742 2572 793 2627 auf
809 2572 861 2626 den
876 2573 1019 2628 Ausdruck
1038 2573 1123 2628 allein
1141 2573 1315 2640 beschrttmht,
1335 2591 1394 2628 son·

167 2660 234 2715 dern
260 2679 288 2717 es
315 2661 379 2717 11111
407 2663 492 2716 ihnen
515 2661 667 2731 jedwede
694 2663 969 2733 Uebertreibung
995 2663 1030 2716 in
1057 2663 1176 2717 Inhalt
1203 2663 1270 2717 und
1301 2663 1395 2717 Form

166 2751 223 2805 der
241 2752 329 2807 Rode
348 2755 430 2806 unter
448 2751 521 2806 diese
540 2751 740 2822 Bez'eiohnung.
778 2751 851 2820 quod
869 2770 935 2806 uero
953 2752 995 2807 111
1018 2752 1122 2822 pergit:
1151 2753 1206 2807 Der
1224 2752 1330 2822 Begriff
1350 2753 1395 2808 des
1482 2764 1484 2768 ⁴

165 2838 311 2912 κακόζηλον
324 2841 388 2897 tunt
402 2858 559 2896 zusammen
574 2841 626 2896 mit
641 2841 703 2896 dem
717 2840 821 2911 Begriff
832 2842 878 2896 des
893 2840 988 2912 ψυχρὸν
1002 2860 1057 2910 eqs.
1078 2842 1270 2898 dormitauisse
1284 2843 1395 2897 uidetur

165 2930 252 2985 bonus
284 2931 333 2986 ille
360 2932 500 2986 Homerus.
551 2949 616 2985 nam
645 2930 806 2985 cacozeliam
834 2931 935 2986 uitium
964 2949 1021 2986 esse
1048 2931 1152 2985 medii
1179 2933 1315 3002 generis
1342 2933 1352 2986 i
1380 2951 1395 2988 e

165 3016 295 3090 ηλαρυροῦ
318 3026 481 3091 χαρακτῆρος
494 3022 533 3075 ⁴et
555 3038 605 3074 nos
628 3020 876 3074 demonstrauimus
896 3024 930 3075 et
952 3020 1024 3089 ipse
1042 3021 1275 3075 Volkmannus
1299 3022 1395 3076 docet

166 3126 185 3176 p
203 3110 308 3178 11111,
332 3110 381 3164 ubi
404 3127 452 3164 nos
470 3110 578 3180 relegat
602 3109 638 3163 ad
660 3109 750 3163 locum
775 3128 792 3164 a
814 3126 858 3163 me
881 3109 1055 3180 exscriptum.
1101 3110 1201 3165 accidit
1223 3097 1312 3181 igitur
1335 3112 1395 3166 uiro

168 3196 246 3252 docto
273 3201 305 3252 ut
333 3200 404 3254 locos
428 3217 495 3268 quos
518 3199 635 3254 conferri
658 3199 744 3254 uellet
772 3217 789 3254 a
812 3198 924 3254 lecturis
947 3199 1006 3268 ipse
1028 3217 1083 3254 non
1106 3200 1248 3255 conferret.
1299 3199 1394 3271 ψυχρὸν

168 3287 261 3340 autem
280 3288 428 3343 secundum
441 3288 613 3343 Demetrium
627 3289 638 3341 1
652 3289 671 3342 d
688 3289 845 3359 oppositum
860 3292 902 3343 est
916 3288 1010 3358 generi
1024 3289 1152 3359 grandi.
1181 3289 1278 3358 itaque
1292 3307 1394 3360 genera

167 3374 240 3430 inter
257 3393 285 3430 se
304 3376 413 3432 diuerso
431 3377 555 3432 confirdit
574 3379 655 3432 homo
674 3377 854 3433 doctissimus.

255 3464 324 3520 Cum
338 3465 440 3535 gaudio
453 3467 527 3521 idem
545 3468 602 3521 fere
617 3467 690 3536 quod
704 3485 787 3538 supra
806 3468 863 3520 dixi
882 3468 938 3537 legi
952 3466 1200 3536 Porphyrionis
1214 3467 1244 3520 in
1258 3485 1392 3523 commen·

164 3554 235 3608 torio
250 3555 285 3608 ad
299 3555 398 3610 Horati
409 3555 506 3612 Artem
520 3575 538 3610 u
553 3557 596 3621 28,
618 3557 665 3610 ubi
684 3557 753 3611 haec
771 3558 894 3611 exstant:
915 3574 1044 3622 erramus,
1060 3556 1161 3624 inquit,
1183 3556 1248 3610 dum
1262 3574 1392 3612 conamur

163 3661 258 3698 ueram
286 3645 421 3700 uirtutem
462 3645 552 3713 sequi,
581 3646 675 3699 uicina
706 3646 812 3701 uirtute
846 3645 957 3714 [uirtuti
989 3646 1063 3715 apud
1086 3647 1255 3714 Meyerum
1284 3666 1303 3716 p
1332 3648 1391 3715 345,

162 3732 311 3800 legendum
324 3734 440 3789 forsitan
455 3735 492 3790 sit
506 3735 711 3802 uirtutibus]
722 3736 753 3789 in
762 3736 835 3790 uitia
848 3736 1003 3791 incidimus.
1023 3754 1088 3790 nam
1097 3736 1219 3791 breuiter
1228 3737 1392 3792 scribentem

162 3823 287 3889 sequitur
304 3824 470 3888 obscuritas,
497 3808 572 3879 leuia
598 3828 807 3893 componentem
830 3826 909 3880 nerui
932 3825 1068 3888 inhibent,
1093 3825 1196 3881 diserta
1218 3827 1392 3895 profitentem

162 3909 295 3982 κακόζηλα
316 3913 389 3982 [lege
403 3911 560 3984 κακοζηλία]
581 3914 687 3969 uitiant
705 3917 798 3984 spreta
815 3931 907 3969 rerum
921 3914 1099 3984 inspectione.
1128 3932 1215 3969 novus
1233 3915 1303 3968 mihi
1313 3916 1391 3970 testis

163 4004 268 4056 exstare
292 4003 368 4057 uisus
388 4005 430 4058 est
449 4003 498 4071 qui
517 4003 704 4059 definitionem
723 4007 854 4070 nostram,
873 4004 897 4057 si
916 4022 983 4073 opus
1002 4007 1080 4068 esset,
1100 4004 1236 4072 probaret.
1260 4007 1291 4058 11
1308 4004 1390 4070 idem,

161 4089 266 4162 opinor,
298 4095 348 4157 est,
376 4092 451 4147 idem
480 4096 564 4162 atque
592 4110 673 4162 quem
703 4094 873 4148 audiuimus:
897 4095 969 4162 ipse
992 4095 1042 4148 est
1065 4092 1312 4158 Quintilianus.
1354 4111 1391 4148 111

162 4177 280 4247 cogitari
293 4181 392 4249 nequit
406 4182 546 4238 hominem
560 4184 761 4253 grammaticae
775 4187 804 4239 et
817 4184 965 4238 rhetorices
979 4183 1047 4237 bene
1061 4183 1191 4252 peritum,
1206 4182 1264 4236 sine
1277 4182 1391 4237 adterius

161 4285 180 4337 p
209 4267 264 4322 Chr
291 4270 399 4325 saeculo
445 4291 507 4327 cnm
535 4273 724 4328 Γ1111111110*
752 4291 771 4342 p
800 4274 851 4327 877
881 4273 1072 4338 adscribimus,
1106 4272 1165 4326 siue
1198 4277 1296 4340 quarto
1329 4290 1391 4326 cum

160 4358 295 4427 Meyero
314 4360 406 4428 (praei
425 4360 475 4430 Vl)
499 4379 533 4416 ex
550 4363 636 4417 Fabio
654 4363 705 4417 illa
724 4363 892 4432 excerpisse?
912 4363 1006 4417 eadem
1025 4365 1098 4417 certe
1117 4363 1201 4416 uerba
1224 4364 1289 4416 sunt
1307 4363 1392 4430 atquc

161 4449 291 4504 oratoris:
311 4449 338 4505 ct
361 4450 421 4506 Inst
445 4452 471 4506 ΙΙ
495 4453 521 4518 4,
541 4453 566 4507 9.
603 4453 670 4507 VIII
690 4455 714 4518 3,
733 4453 775 4507 53.
814 4452 901 4518 1112,
925 4455 964 4506 14.
1002 4456 1030 4507 et
1057 4456 1090 4507 ut
1108 4452 1150 4506 111
1177 4450 1305 4517 sentiam,
1332 4451 1391 4520 ipse

159 4542 253 4594 monet
276 4540 428 4610 Porphyrio
450 4541 494 4595 his
523 4541 601 4596 locis:
635 4542 671 4596 ad
694 4543 770 4597 Serm
788 4542 815 4596 ΙΙ
836 4544 860 4608 5,
885 4543 928 4597 41.
975 4542 1117 4611 Epistull
1145 4541 1185 4608 ll,
1211 4541 1253 4595 28.
1280 4541 1322 4607 12,
1348 4542 1389 4596 19.
