3128 4942
760 202 803 266 36

171 394 320 478 uestigia.
375 416 415 461 ex
441 394 492 461 his
521 415 593 461 mea
622 395 751 478 quidem
785 397 945 462 sententia
973 395 1227 462 concludendum
1255 403 1306 462 est
1333 397 1396 462 Fa·

170 502 301 567 bianum
324 503 422 568 etiam
444 502 727 587 philosophantem
751 523 773 568 a
789 502 935 568 doctrina
957 502 1083 588 pridem
1107 511 1242 588 accepta
1264 504 1396 568 nonita

169 610 353 694 recessisse,
376 617 489 675 utnon
504 609 611 691 aliquo
629 609 724 675 modo
740 609 903 676 redoleret
918 611 1072 677 Asianum
1089 610 1218 676 dicendi
1233 631 1335 694 genus
1350 609 1395 695 ²⁴)

171 737 329 799 quaeres
353 717 491 782 maxime
515 718 556 782 ob
579 716 613 781 id
637 717 774 783 alicuius
799 724 849 783 est
872 719 1031 801 momenti,
1056 720 1131 801 quia
1151 718 1276 784 Seneca
1291 719 1395 803 philo-

171 823 292 909 sophus
311 824 400 889 illum
420 824 554 908 audiuit,
578 831 675 907 atque
696 826 829 890 sirecte
853 824 992 892 diximus
1007 833 1190 910 corruptum
1209 826 1279 891 eius
1294 824 1396 891 fuisse

169 938 419 1016 praeceptorem,
442 931 475 995 in
490 939 602 1015 aperto
618 938 676 1015 est,
700 930 786 997 unde
800 932 905 1016 prima
929 933 1114 1017 conceperit
1137 933 1206 998 eius
1221 931 1397 998 facundiae

171 1039 294 1104 semina
317 1058 413 1122 quam
436 1039 633 1122 expresserit
655 1038 802 1122 ipsam)

259 1143 293 1231 5)
326 1145 428 1210 Paulo
462 1145 583 1210 diutius
616 1144 805 1209 morandum
838 1145 899 1210 fuit
929 1146 962 1210 in
994 1146 1136 1231 Papirio.
1192 1167 1230 1212 co
1263 1147 1397 1213 breuius

171 1272 331 1337 exponere
359 1252 434 1317 licet
462 1251 503 1317 de
526 1252 552 1315 L
578 1252 710 1318 Cestio
734 1252 800 1316 Pio
825 1251 1012 1336 Smyrnaeo.
1059 1273 1133 1318 nam
1158 1252 1198 1318 de
1223 1275 1260 1319 eo
1285 1253 1397 1339 dispu-

169 1360 252 1424 tauit
280 1359 306 1423 F
331 1359 360 1424 C
382 1358 597 1424 Lindnerus
630 1359 744 1424 eadem
776 1358 923 1424 doctrina
956 1381 1020 1443 qua
1053 1361 1093 1426 de
1120 1361 1225 1426 Fusco
1258 1361 1290 1425 in
1322 1382 1397 1445 pro-

169 1472 348 1549 grammate
387 1466 548 1550 gymnasii
586 1465 853 1550 Zuellichoniani,
895 1467 981 1549 quod
1016 1466 1137 1552 prodiit
1176 1488 1259 1532 anno
1300 1472 1397 1534 1858.

169 1567 402 1638 demonstrauit
424 1573 518 1637 homo
546 1571 660 1639 doctus
683 1594 754 1638 cum
776 1574 896 1639 Arellio
918 1574 1027 1640 Cestio
1050 1595 1114 1639 non
1137 1575 1231 1639 modo
1255 1575 1398 1659 patriam

168 1701 365 1746 communem
388 1680 498 1764 fuisse,
522 1679 580 1746 sed
596 1680 693 1745 etiam
715 1680 944 1762 eloquentiam:
960 1681 1115 1746 Asianum
1130 1681 1229 1764 igitur
1243 1681 1398 1747 docuisse

168 1807 284 1871 genus,
326 1794 358 1853 et
394 1786 428 1851 id
465 1793 557 1873 tanta
600 1786 807 1871 adrogantia,
850 1793 885 1851 nt
923 1787 1076 1852 Cicerone
1119 1808 1155 1854 se
1192 1786 1397 1854 disertiorem

169 1915 242 1961 esse
279 1892 495 1959 contenderet.
552 1892 587 1957 cf
616 1892 760 1958 Senecae
794 1893 933 1958 Controu
966 1895 1014 1956 Ill
1046 1896 1142 1979 praef
1170 1900 1190 1976 ξ
1226 1900 1274 1960 li.
1335 1896 1398 1960 fuit

167 2002 273 2086 igitur,
296 2008 332 2066 ut
350 1999 504 2065 Lindneri
527 2000 635 2064 uerbis
650 2007 732 2084 ntur,
756 2000 865 2065 rhetor
887 2001 941 2082 qui
963 2022 1121 2086 praeceps
1146 2001 1337 2067 decurrebat
1360 2003 1395 2067 in

169 2129 209 2175 ea
236 2109 291 2173 uia
319 2127 403 2190 quae
435 2113 501 2171 tum
533 2106 667 2189 uigebat
695 2107 728 2171 in
757 2107 941 2189 eloquentia
974 2109 1091 2191 quique
1121 2129 1158 2174 eo
1189 2110 1395 2193 potissimum

167 2214 287 2279 famam
319 2213 557 2297 adsequebatur
594 2221 626 2278 et
663 2215 903 2299 auctoritatem,
941 2214 1027 2298 quod
1063 2217 1170 2280 omnia
1207 2217 1276 2281 eius
1313 2218 1396 2282 uitia

167 2323 358 2407 adoptabat,
396 2323 450 2405 qui
483 2322 622 2404 denique
654 2342 718 2387 non
750 2343 818 2388 rem
851 2329 1026 2406 spectaret,
1060 2323 1119 2388 sed
1150 2323 1297 2407 formam,
1329 2344 1395 2389 non

167 2436 301 2515 curaret,
330 2429 406 2513 quid
431 2429 561 2513 diceret,
590 2430 648 2495 sed
673 2429 840 2512 quomodo.
887 2430 938 2494 cui
961 2429 1079 2495 iudicio
1108 2451 1172 2495 non
1192 2431 1395 2514 adstipulari

166 2559 229 2603 non
252 2557 424 2622 possumus
448 2535 536 2600 fonte
558 2543 668 2601 nostro
693 2536 854 2619 inspecto:
879 2556 978 2618 quare
1003 2557 1124 2602 summo
1148 2538 1217 2602 iure
1241 2559 1313 2603 eum
1337 2538 1395 2603 ad-

166 2664 371 2709 numeramus
395 2642 565 2725 corruptis.
582 2679 619 2686 -
638 2640 857 2717 Quintilianus
882 2642 1024 2712 Cestium
1047 2644 1078 2707 X
1102 2649 1131 2727 5,
1156 2649 1199 2709 20
1221 2645 1393 2729 uituperat,

166 2751 252 2834 quod
274 2750 478 2835 rescripserit
494 2750 657 2816 Ciceronis
682 2750 820 2815 orationi
833 2750 1040 2817 Milonianae.
1088 2751 1129 2817 de
1144 2772 1206 2834 qno
1230 2752 1389 2817 rhetorum

164 2879 320 2943 peruersa
343 2856 575 2923 consuetudine
598 2857 633 2921 cf
653 2857 793 2922 Contron
816 2858 864 2921 Ill
887 2858 984 2942 praes
1003 2861 1022 2939 ξ
1049 2861 1100 2927 15.

255 2965 289 3052 6)
312 2966 445 3031 Iunius
478 2964 621 3048 Gallio,
654 2965 777 3030 amicus
811 2964 956 3031 Senecae
988 2965 1134 3049 maioris,
1167 2967 1257 3031 cuius
1290 2966 1392 3030 filium

165 3074 327 3140 Nonatum
359 3080 475 3157 postea
508 3071 686 3156 adoptauit,
719 3070 859 3137 dubitari
887 3079 1003 3156 potest,
1034 3093 1109 3137 num
1136 3073 1249 3137 merito
1278 3073 1393 3137 haberi

167 3179 285 3245 debeat
321 3199 378 3263 pro
417 3184 572 3261 corrupto.
628 3199 703 3242 nam
734 3178 965 3262 Lindnerus,
1002 3179 1056 3261 qui
1089 3179 1130 3245 de
1167 3179 1227 3245 hoc
1264 3201 1393 3263 quoqne

257 3409 292 3476 ²⁴)
311 3409 549 3478 Bernhardyus
572 3426 663 3463 secum
686 3409 744 3477 ipse
768 3412 884 3478 pugnat.
909 3427 971 3463 cum
995 3411 1027 3465 de
1046 3429 1077 3466 eo
1100 3412 1175 3466 dicat
1193 3413 1219 3464 H
1238 3412 1258 3464 L
1277 3413 1302 3464 R
1320 3413 1335 3477 ξ
1356 3415 1389 3466 51

165 3501 220 3556 adn
240 3503 290 3555 207
312 3501 353 3567 (=
369 3499 379 3528 ⁶
394 3518 412 3569 p
427 3500 490 3566 301)
510 3500 589 3554 haee:
609 3499 654 3552 ein
673 3499 919 3567 ausgezeiehneter‚
940 3518 1020 3554 wenn
1039 3502 1110 3555 auch
1129 3502 1271 3554 troekener
1289 3502 1389 3565 seinse,

165 3591 263 3646 deinde
282 3593 297 3657 ἓ
319 3592 368 3644 123
388 3589 442 3644 adn
462 3589 513 3642 527
533 3589 686 3658 (=p871)
706 3589 785 3642 haec:
805 3589 825 3640 F
845 3606 902 3642 war
921 3590 966 3643 ein
985 3592 1134 3660 eleganter,
1154 3591 1195 3644 bis
1213 3610 1274 3644 zum
1290 3592 1389 3645 Uober·

164 3700 236 3736 mass
259 3679 435 3749 sorgtiiltigur
453 3679 610 3733 Daretellor.
653 3680 801 3745 utrumque
829 3682 923 3732 autem
946 3679 1079 3734 indicium
1106 3680 1178 3733 unde
1207 3680 1323 3734 traxerit
1346 3681 1390 3734 uir

165 3769 345 3825 doctissimus.
365 3786 415 3837 ogo
434 3767 548 3821 minime
567 3766 707 3835 perspicio.

256 3857 311 3917 Μ)
331 3857 366 3911 Cf
380 3856 413 3910 de
431 3873 518 3909 nexu
537 3855 585 3923 qui
603 3855 686 3909 fuisse
705 3855 797 3910 inter
810 3856 967 3911 Senecam
982 3860 1015 3912 et
1031 3858 1173 3911 Asianos
1191 3858 1261 3911 mihi
1277 3859 1389 3926 quidem

164 3948 275 4002 uidetur
293 3948 314 4000 Ε
334 3945 497 4000 Rolrdium
522 3945 565 3997 lth
580 3946 608 3998 M
623 3946 703 4013 41‚p
727 3946 786 3999 178:
816 3947 992 4014 quiquidem
1013 3947 1065 4001 etsi
1084 3947 1200 4000 Fabiani
1218 3949 1387 4002 mentionem

164 4056 219 4091 non
242 4037 310 4091 facit
329 4035 417 4088 multo
441 4034 572 4088 audacius
596 4052 681 4102 quam
706 4052 757 4104 ego
782 4035 815 4089 de
833 4037 886 4090 hac
908 4053 936 4090 re
959 4037 1092 4105 disputat.
1129 4036 1301 4090 obiciendum
1320 4042 1388 4106 puto

164 4144 221 4182 esse
245 4127 304 4180 niro
325 4123 482 4178 doctissimo
506 4126 566 4177 tam
584 4123 734 4178 dilucidam
758 4125 798 4178 rei
821 4126 956 4178 oratoriae
980 4125 1140 4179 memoriam
1159 4144 1242 4193 quam
1263 4130 1387 4181 tenemus

163 4216 273 4269 illorum
293 4217 447 4283 temporum
467 4212 581 4266 minime
600 4216 790 4267 conseruatam
804 4231 867 4276 esse¹
888 4217 920 4268 ut
938 4214 1057 4266 fontium
1078 4215 1205 4282 equibus
1221 4217 1387 4270 Annaeanae

163 4305 273 4359 fluxerit
296 4302 470 4372 eloquentiae
498 4301 586 4355 amnis
612 4302 748 4372 originem
771 4303 882 4371 penitus
905 4302 1056 4371 perspicere
1075 4303 1169 4358 liceat:
1197 4322 1248 4359 nec
1266 4305 1387 4373 profecto

163 4395 295 4449 habemus
323 4412 371 4449 cur
394 4395 453 4446 tam
481 4391 634 4460 simplicem
652 4409 744 4445 rerum
767 4392 864 4446 seriem
892 4392 970 4445 nohis
992 4392 1129 4461 fingamus
1156 4409 1244 4460 neque
1266 4393 1295 4445 in
1318 4393 1387 4447 lraec

161 4483 321 4552 quaestione
339 4480 491 4539 rectissime
510 4481 557 4535 uia
575 4498 632 4535 esse
650 4481 793 4535 uerissima
811 4498 920 4549 quoque
939 4481 1059 4536 uidetur.
