3128 4942
817 243 859 309 16

313 437 462 520 Denique
483 436 631 502 Seneca
653 443 747 523 pater
769 438 871 504 tribus
895 439 975 504 locis
995 448 1222 507 commemorat
1239 445 1451 510 cacozeliam:

227 545 309 610 Suae
335 547 417 628 7,11
444 541 479 629 (6
504 546 546 609 bb
570 543 761 631 Kiessling).
800 544 1011 610 6661666111
1038 549 1065 631 1,
1096 549 1136 614 16
1161 545 1196 634 (6
1221 549 1309 637 399).
1357 555 1386 637 2,
1410 557 1452 619 28

225 649 259 736 (p
274 650 369 737 411):
403 651 561 734 equibus
589 650 701 717 adfero
726 652 862 720 tertium.
910 653 1010 717 uerba
1034 660 1124 719 sunt:
1179 655 1264 721 Eece
1293 663 1325 722 61
1362 658 1451 723 61161

225 778 327 841 genus
356 757 539 824 cacozeliae
573 764 623 824 est
659 758 746 841 quod
783 758 1030 825 amaritudinem
1066 761 1236 826 uerborum
1268 765 1362 847 quasi
1395 764 1451 830 ad·

225 874 433 949 grauaturam
466 887 518 932 res
550 866 641 952 petit,
672 874 726 931 61.
744 917 750 932 .
765 917 794 932 ..
840 866 985 934 Licinius
1018 869 1128 953 Nepos
1162 868 1259 935 dixit:
1293 892 1368 938 reus
1396 871 1451 937 16-

223 979 352 1040 mnatus
390 980 440 1040 est
480 973 564 1058 legi,
592 973 688 1059 periit
725 974 846 1040 fornici.
887 1014 926 1022 -
964 974 1111 1041 uidemus
1148 977 1246 1041 nimio
1281 978 1453 1053 ἀντιθέσεως

224 1100 333 1147 amore
374 1079 427 1146 hio
464 1087 634 1166 peccatum
676 1101 763 1165 esse,
801 1081 960 1155 ἀντιθέσεις
997 1090 1106 1148 autem
1137 1084 1300 1169 pertinent
1328 1086 1371 1151 ad
1404 1101 1451 1151 or-

223 1187 376 1269 natum.⁸)

314 1331 426 1396 Α11666
437 1331 627 1397 6166666616
651 1331 754 1396 616166
764 1331 873 1416 666116
888 1338 938 1398 est
960 1332 994 1397 in
1017 1334 1322 1419 perspicuitate,
1346 1337 1450 1401 altera

224 1437 258 1502 in
281 1445 432 1503 ornatu:
456 1437 541 1503 hanc
574 1444 710 1523 captans
743 1445 911 1522 utramque
942 1440 1050 1524 perdit
1082 1442 1253 1509 cacozelia.
1309 1464 1348 1510 ac
1379 1465 1449 1530 per-

226 1545 432 1630 spicuitatem
454 1566 556 1631 prauo
581 1546 779 1612 excolendae
803 1547 959 1613 orationis
983 1547 1131 1634 adpetitu
1160 1550 1327 1616 obscurari
1350 1550 1447 1628 Quin-

224 1651 357 1718 tilianus
390 1651 471 1718 dicit
503 1652 580 1718 VIH
603 1656 634 1737 2,
666 1657 804 1722 17-18.
829 1659 880 1737 21,
904 1655 959 1720 611
986 1655 1090 1740 prima
1118 1658 1218 1721 uerba
1245 1657 1328 1724 haec
1362 1665 1449 1723 sunt:

227 1767 276 1826 est
299 1761 332 1825 in
355 1760 549 1844 quibusdam
577 1762 671 1826 turba
698 1762 841 1826 inanium
864 1762 1045 1845 uerborum,
1070 1762 1125 1844 qui
1154 1761 1229 1827 dum
1253 1784 1452 1830 communem

224 1867 376 1951 loquendi
408 1888 528 1934 morem
560 1867 784 1950 reformidant,
818 1867 905 1932 ducti
949 1867 1058 1951 specie
1099 1867 1215 1936 nitoris
1252 1870 1450 1936 circumeunt

225 1975 332 2038 omnia
356 1975 489 2059 copiosa
513 1975 724 2057 loquacitate,
749 1994 786 2038 66
811 1974 898 2056 6661
921 1974 1029 2040 116666
1056 1977 1169 2040 661661
1197 1976 1278 2062 1666.
1317 2015 1351 2023 -
1388 1979 1449 2042 166

225 2080 348 2146 faciunt
359 2101 399 2146 ea
408 2101 536 2164 666666
546 2102 630 2165 quae
645 2082 795 2165 leguntur
808 2081 841 2146 in
857 2081 951 2148 buius
966 2081 1039 2146 libri
1053 2082 1226 2167 prooemio,
1250 2086 1292 2164 §§
1308 2086 1448 2151 22-25.

224 2187 336 2253 adfero
360 2187 455 2254 haec:
493 2187 528 2276 (6
556 2189 615 2276 24)
644 2188 730 2274 quod
763 2195 849 2254 recte
885 2188 948 2254 dici
972 2195 1080 2273 potest
1109 2190 1310 2255 circumimus
1339 2210 1448 2256 amore

225 2296 395 2360 uerborum
425 2301 457 2360 et
481 2296 567 2378 quod
591 2297 672 2363 satis
696 2296 817 2362 dictum
841 2303 891 2362 est
904 2296 1079 2381 repetimus
1103 2303 1135 2362 et
1159 2296 1244 2380 quod
1261 2317 1324 2362 uno
1349 2298 1447 2363 uerbo

226 2408 317 2487 patet
342 2402 496 2488 pluribus
521 2425 690 2471 oneramus
715 2411 747 2468 et
768 2403 924 2488 pleraque
948 2403 1187 2487 significare
1210 2404 1325 2470 melius
1357 2411 1449 2488 puta-

225 2531 295 2576 mus
320 2531 416 2592 quam
440 2510 557 2576 116666.
604 2512 694 2595 6611,
723 2511 810 2593 6661
837 2510 917 2574 nihil
944 2511 1008 2575 iam
1035 2511 1199 2595 proprium
1228 2512 1344 2595 616661,
1374 2510 1450 2576 dum

224 2638 339 2701 parum
363 2616 504 2683 creditur
528 2617 681 2684 disertum
705 2616 791 2701 quod
815 2625 847 2681 61
870 2616 954 2682 61166
978 2616 1135 2683 dixisset?
1167 2638 1187 2682 a
1208 2617 1449 2702 corruptissimo

224 2866 244 2921 O
263 2867 280 2921 S
305 2867 335 2921 10
353 2867 438 2933 (hune
455 2867 547 2920 locum
566 2866 797 2921 Volkmannus
816 2865 1009 2920 subministrat
1027 2884 1046 2935 p
1064 2864 1149 2933 406¹).
1183 2883 1254 2934 quae
1278 2867 1326 2935 qui
1349 2868 1449 2937 legerit

224 2975 241 3010 a
268 2973 330 3010 mea
358 2974 413 3011 nou
443 2956 623 3010 discessurum
650 2973 707 3010 esse
734 2959 812 3025 parte
842 2973 927 3024 spero.
965 2955 1034 3010 6116
1062 2955 1135 3023 6661
1164 2956 1314 3010 Donatus
1341 2974 1449 3024 quoque

224 3046 263 3114 (cf
274 3046 476 3100 Volkmannum
487 3047 498 3099 l
510 3046 537 3112 1)
548 3045 583 3099 61
592 3045 704 3100 Terenti
714 3046 878 3100 Eunuchum
887 3046 900 3098 I
910 3046 934 3110 2,
949 3047 997 3098 112
1011 3044 1040 3111 (6
1052 3026 1154 3112 rutil)
1165 3045 1282 3099 termino
1292 3042 1449 3115 κακοζηλὶας

225 3136 321 3190 utitur.
360 3152 443 3203 quem
462 3139 579 3202 uterque
597 3134 669 3188 unde
687 3135 834 3203 sumpserit
848 3134 900 3188 sibi
919 3134 972 3187 nisi
987 3151 1004 3187 a
1022 3133 1239 3199 Quintiliano
1253 3134 1380 3201 equidem
1395 3152 1449 3189 non

225 3225 312 3279 uideo.
338 3242 404 3278 nam
430 3225 456 3279 ei
479 3224 528 3293 qui
552 3224 637 3278 Fabio
655 3224 736 3276 illurn
755 3223 904 3277 terminum
928 3222 1101 3277 tradiderunt
1125 3226 1197 3277 certe
1220 3241 1275 3277 non
1298 3224 1363 3278 lecti
1386 3228 1450 3278 sunt

225 3333 242 3368 6
260 3313 458 3384 grammaticis.
496 3313 593 3381 quodsi
612 3312 683 3365 illud
708 3311 838 3366 audacius
862 3311 1029 3365 conclusium
1053 3315 1131 3376 esset,
1155 3315 1250 3367 tamen
1273 3313 1450 3367 memorabile

225 3421 273 3473 per
291 3421 320 3457 sc
338 3407 380 3457 est
399 3402 639 3473 grammaticos
663 3401 712 3470 qui
736 3401 765 3454 in
783 3403 942 3469 poematum
961 3399 1144 3468 explicatione
1168 3401 1270 3456 uersati
1294 3402 1350 3455 sint
1371 3401 1449 3455 illam

225 3510 338 3547 uocem
358 3492 550 3547 technicam
569 3509 584 3546 6
603 3490 774 3546 rhetorica
794 3492 867 3544 arte
886 3489 920 3542 in
938 3506 1029 3542 suam
1047 3490 1297 3546 transtulissee.

300 3634 321 3681 ⁸l
341 3637 422 3706 Apud
440 3636 638 3691 Suetonium
658 3635 688 3688 in
706 3635 783 3689 uitae
802 3634 826 3687 D
846 3633 965 3702 Augusti
981 3651 996 3688 6
1014 3633 1048 3686 86
1068 3634 1093 3688 61
1112 3634 1160 3701 661
1179 3630 1318 3702 κακοζήλῳ
1337 3634 1450 3700 peccant

225 3726 278 3795 ipsi
307 3726 422 3781 cacozeli
450 3725 637 3779 nominantur.
681 3725 765 3778 uerba
797 3725 862 3776 sunt
891 3723 970 3777 haec:
999 3723 1134 3798 cacozelos
1166 3725 1195 3777 et
1222 3721 1391 3788 antiquarios
1419 3723 1451 3773 61

226 3815 333 3870 diuerso
351 3832 452 3886 genere
470 3815 584 3869 uitiosos
602 3814 663 3884 pari
676 3813 789 3867 fastidio
801 3810 965 3881 [Augustus]
981 3813 1094 3880 spreuit,
1113 3811 1249 3881 imprimis
1263 3810 1451 3863 Maecenatem

225 3922 280 3973 666.
318 3905 407 3959 adfert
430 3906 503 3959 hune
524 3906 613 3959 locum
633 3906 661 3958 et
679 3906 734 3957 tres
757 3902 875 3957 Senecae
897 3902 914 3955 J
934 3900 1197 3956 GSchneidcrus
1220 3899 1249 3952 in
1273 3898 1451 3953 adnotatione

223 3995 261 4049 61
280 3995 413 4049 Demetrii
437 3995 475 4060 18,
496 3995 512 4048 6
530 3994 615 4049 iacta.
644 3994 673 4062 (6
696 3992 748 4046 166
772 3993 830 4046 6166
849 3991 937 4046 libelli
955 3991 1024 4045 editi
1034 3988 1198 4059 Altenburgi
1217 3989 1301 4056 1779).
1320 3989 1356 4043 61
1370 4006 1452 4056 quem

225 4084 265 4138 ibi
283 4102 332 4138 nos
352 4084 462 4154 delegat
485 4085 567 4137 homo
591 4083 693 4148 166166,
715 4084 736 4135 Α
757 4082 917 4136 Schottus
936 4081 975 4135 eis
999 4096 1070 4147 quae
1093 4079 1161 4133 dicit
1188 4079 1223 4132 ad
1250 4079 1407 4133 Suasoriam
1437 4079 1451 4131 7

226 4173 369 4238 (editionis
389 4191 460 4242 quae
479 4173 582 4242 prodiit
604 4173 671 4227 1603
690 4172 861 4241 Antuerpiae
878 4188 897 4239 p
916 4172 949 4224 34
969 4170 998 4236 lr)
1024 4169 1057 4223 de
1079 4164 1226 4238 6666616166
1245 4172 1347 4223 natura
1365 4168 1452 4221 multo

227 4262 329 4317 rectius
354 4281 439 4330 quam
458 4262 650 4317 Volkmannus
669 4263 777 4317 6161611.
799 4291 830 4298 -
851 4261 879 4315 61
900 4260 985 4314 etiam
1004 4259 1168 4314 Galerium
1186 4259 1215 4312 in
1235 4255 1452 4329 Hippocratis

227 4352 432 4421 aphorismis
451 4355 484 4406 et
498 4352 620 4407 Galeni
638 4351 672 4405 in
692 4369 746 4406 eos
760 4350 1015 4405 commentariis
1029 4367 1064 4404 no
1079 4351 1113 4404 67
1128 4345 1448 4416 (Ε1Ο166611Χ633οε

226 4441 261 4496 61
278 4441 460 4496 Kuehnianae
482 4442 573 4496 XVIII
590 4445 600 4495 l
619 4461 637 4511 p
653 4441 702 4495 179
718 4441 767 4508 66),
787 4440 835 4494 ubi
854 4439 944 4493 uerbis
966 4436 1112 4508 κακόζηλον
1127 4443 1155 4494 61
1169 4432 1323 4505 maathica
1342 4433 1452 4487 omnino

225 4530 323 4585 modus
343 4529 450 4585 dicendi
469 4531 574 4586 616116
596 4531 643 4585 via
661 4530 784 4584 diuersus
804 4529 951 4584 indicatur.
