3128 4942
756 211 800 276 60

167 405 287 472 fatetur
318 407 352 472 in
384 407 503 475 scholis
535 415 682 474 utrumne
708 408 799 474 locus
822 407 894 492 ipse
918 427 960 471 an
984 403 1197 490 condiscipuli
1220 423 1263 468 an
1288 419 1399 484 genus

167 513 344 580 studiorum
365 514 440 600 plus
457 514 535 581 mali
552 515 692 600 ingeniis
711 515 862 580 adferant
880 513 985 601 (ibid).
1009 552 1047 562 -
1070 518 1239 598 praeterea
1255 508 1398 575 Tacitus

168 642 240 687 cum
267 624 369 689 Fabio
402 623 435 689 in
463 643 501 689 eo
530 625 697 710 consentit,
730 623 816 708 quod
848 623 972 690 lasciuo
1001 628 1034 689 et
1061 621 1246 688 effeminato
1278 614 1397 700 generi

168 729 297 796 dicendi
328 730 407 797 rude
441 731 573 815 aliquod
606 738 638 797 et
664 732 882 818 incorruptum
911 730 1086 814 anteferat,
1118 729 1147 795 si
1178 725 1274 793 modo
1308 725 1397 790 inter

167 843 335 920 utrumque
358 837 402 904 sit
424 839 614 925 optandum:
649 839 736 922 quod
768 845 906 925 apparet
935 857 975 904 ex
1003 839 1086 904 026
1116 833 1313 921 comparatis
1339 831 1395 897 In·

168 943 345 1011 stitutionis
368 945 449 1012 locis
464 945 529 1013 his:
553 947 602 1012 lX
615 950 645 1032 4,
663 949 725 1013 142
742 967 788 1029 sq.
811 946 1066 1030 umas-11.
1089 963 1222 1029 prooem
1236 941 1278 1020 II,
1293 940 1324 1024 5,
1340 941 1395 1007 10.

255 1051 315 1117 His
344 1052 504 1135 quaedam
532 1052 706 1120 adicienda
728 1053 911 1138 putauerim
934 1052 1049 1136 quibus
1072 1057 1164 1137 patet
1191 1047 1330 1116 rhetoris
1360 1052 1396 1112 et

165 1177 271 1223 rerum
308 1159 474 1245 scriptoris
511 1161 725 1245 cogitationes
763 1161 969 1244 quantumuis
1005 1161 1089 1226 inter
1126 1179 1161 1226 se
1198 1156 1394 1242 discrepent,

167 1270 274 1330 tamen
306 1266 427 1333 alteras
460 1267 572 1334 alteris
603 1266 763 1334 interdum
795 1268 888 1352 tangi
921 1275 953 1334 et
981 1266 1166 1354 perstringi.
1211 1284 1309 1331 unum
1332 1268 1394 1347 est,

168 1371 254 1454 quod
282 1373 417 1440 Tacitus
450 1374 654 1458 eloquentiae
687 1375 938 1443 imminutionem
971 1382 1074 1440 ortam
1102 1393 1176 1440 esse
1203 1393 1222 1438 e
1248 1369 1394 1436 moribus

169 1480 328 1566 corruptis
342 1487 443 1567 putat,
468 1481 686 1560 Quintilianus
700 1490 930 1570 praeceptores
952 1503 1016 1549 non
1030 1480 1126 1548 modo
1150 1479 1309 1562 inscitiae,
1333 1475 1395 1543 sed

168 1586 267 1653 etiam
288 1588 445 1657 mollitiae
468 1596 501 1656 et
524 1591 688 1674 nequitiae
711 1591 885 1658 insimulat.
933 1590 1117 1676 suspicatur
1144 1588 1243 1672 igitur
1270 1604 1335 1652 non
1358 1584 1395 1650 in

170 1695 241 1761 sola
264 1694 430 1764 doctrinae
452 1698 615 1785 prauitate
639 1719 757 1766 causas
780 1699 890 1765 inesse
920 1698 960 1763 de
984 1697 1100 1781 quibus
1123 1695 1258 1781 quaerit,
1287 1692 1394 1778 suspi-

168 1810 260 1869 catur
277 1811 315 1871 et
337 1812 373 1871 ut
395 1805 445 1870 uir
462 1807 582 1892 probus
607 1806 705 1871 sentit
722 1806 775 1871 uel
792 1825 888 1871 sensu
904 1803 1093 1888 adsequitur
1107 1803 1142 1869 id
1156 1802 1242 1887 quod
1256 1801 1395 1867 Tacitus

166 1910 289 1994 ingenii
321 1912 468 1979 acumine
500 1913 675 1997 perspexit.
735 1911 853 1978 deinde
885 1911 1091 1977 inueniuntur
1121 1911 1155 1976 in
1186 1909 1395 1977 Institutione

167 2018 277 2102 aliqua
301 2017 342 2084 de
365 2018 543 2085 domestica
567 2017 759 2085 educatione
783 2018 888 2103 deque
913 2018 1143 2085 exercitatione
1172 2016 1396 2084 adulescentis

167 2126 200 2190 in
233 2125 302 2192 foro
336 2126 535 2212 perficienda
572 2147 656 2211 quae
688 2148 751 2193 non
784 2128 893 2195 aliena
926 2134 1000 2193 sunt
1032 2149 1052 2192 a
1083 2127 1244 2193 sententia
1277 2126 1395 2193 Taciti.

166 2254 285 2319 pueros
313 2235 379 2301 iam
406 2235 493 2301 domi
522 2237 682 2322 corrumpi
705 2242 843 2303 testatur
867 2236 1074 2320 queriturque
1097 2241 1239 2319 uterque,
1269 2232 1395 2311 Quinti-

166 2341 273 2409 lianus
300 2343 316 2407 I
340 2347 368 2429 2,
398 2347 502 2429 6-8,
536 2344 670 2410 Tacitus
700 2347 792 2410 c28.
839 2364 911 2409 oum
943 2349 1013 2410 arte
1046 2342 1187 2408 oratoria
1219 2349 1255 2406 ut
1290 2340 1396 2427 philo-

170 2451 305 2535 sophiae
338 2458 370 2518 et
402 2452 481 2518 iuris
515 2452 651 2518 scientia
679 2452 898 2535 coniungatur,
933 2450 1071 2516 suadent
1097 2449 1153 2516 ille
1175 2449 1240 2514 XII
1262 2452 1283 2514 2
1307 2455 1341 2514 et
1364 2451 1396 2532 3,

167 2556 220 2623 bic
243 2568 290 2624 c¹¹⁸
309 2561 353 2625 30
376 2566 408 2625 et
431 2561 483 2625 31.
539 2557 741 2623 adulescenti
777 2556 892 2622 orandi
925 2556 1072 2622 studioso
1105 2563 1265 2621 oratorem
1298 2575 1396 2638 quem

168 2672 322 2747 sequatur
346 2664 530 2747 eligendum
553 2685 626 2730 esse
642 2662 860 2741 Quintilianus
884 2663 979 2729 docet
1001 2664 1033 2729 X
1048 2665 1078 2747 5,
1095 2665 1235 2746 17-20,
1259 2661 1395 2728 Tacitus

168 2770 244 2835 olim
267 2771 301 2836 id
325 2770 445 2836 iactum
469 2791 542 2838 esse
566 2790 638 2836 cum
661 2770 757 2835 laude
782 2777 911 2837 enarrat
935 2791 952 2836 c
976 2773 1028 2838 34.

255 2896 292 2960 In
339 2896 475 2962 eandem
521 2917 617 2980 quam
662 2916 721 2962 nos
764 2898 983 2965 tractabamus
1021 2896 1244 2981 quaestionem
1279 2895 1397 2962 incidit

167 3002 425 3088 Woelfflinus,
449 3023 521 3068 cum
544 3004 703 3070 Walteri
728 3005 977 3089 dissertationis,
1007 3024 1092 3087 quae
1121 3009 1171 3070 est
1194 3001 1239 3069 de
1263 2995 1396 3068 Taciti

167 3110 310 3177 studiis
332 3110 563 3196 rhetoricis,
587 3132 756 3178 censuram
779 3112 901 3177 faceret
923 3112 957 3175 in
981 3111 1153 3176 annalibus
1167 3110 1222 3193 qui
1236 3115 1396 3175 uocantur

166 3218 186 3283 J
192 3217 502 3302 abresberichte,
522 3219 575 3283 uol
591 3222 620 3302 3,
644 3239 799 3284 annorum
816 3217 942 3302 1874l5,
961 3239 983 3304 p
1002 3219 1073 3284 763.
1107 3223 1204 3300 atque
1219 3217 1396 3283 arbitratur

167 3324 222 3390 ille
246 3325 387 3411 priorem
401 3324 550 3390 Tacitum
575 3325 769 3392 disseruisse
793 3325 834 3390 de
851 3324 959 3390 causis
974 3323 1158 3390 deminutae
1174 3324 1394 3408 eloquentiae:
1454 3334 1457 3343 '

168 3453 250 3516 quas
274 3433 403 3516 quidem
431 3453 550 3499 causas
579 3454 651 3498 eum
679 3432 801 3498 dixisse
831 3452 904 3499 esse
934 3434 1120 3498 conlocatas
1143 3433 1176 3497 in
1199 3438 1323 3497 mutata
1346 3433 1395 3498 rei

168 3539 318 3624 publicae
347 3540 457 3606 forma.
507 3540 594 3606 idem
627 3540 668 3604 de
701 3560 740 3604 ea
772 3560 807 3604 re
839 3540 981 3606 sensisse
1008 3540 1153 3623 Fabium,
1186 3540 1305 3624 quippe
1338 3542 1396 3623 qui

169 3646 387 3730 eloquentiam
420 3647 527 3729 qualis
555 3647 652 3712 fuerit
674 3667 709 3712 re
737 3645 867 3729 publica
890 3646 993 3711 libera
1023 3653 1055 3712 et
1083 3647 1125 3713 sit
1154 3645 1332 3712 admiratus
1362 3655 1397 3712 et

170 3752 360 3819 imitandam
383 3753 663 3820 commendauerit.
711 3752 769 3818 sed
792 3753 966 3837 ingenuam
986 3753 1092 3819 Taciti
1115 3754 1305 3839 libertatem,
1329 3774 1396 3838 qua

168 3861 336 3947 imperium
361 3861 537 3928 Caesarum
560 3860 707 3926 accusari
731 3861 903 3945 uideretur,
932 3860 1138 3945 displicuisse
1162 3861 1298 3928 Caesari
1320 3862 1395 3947 ipsi.

168 3968 279 4053 itaque
303 3966 537 4045 Quintilianum
560 3967 715 4052 timuisse,
744 3989 784 4034 ne
814 3969 922 4035 audax
947 3968 1098 4053 discipuli
1120 3968 1202 4033 liber
1225 3968 1287 4035 sibi
1310 3969 1395 4054 peri·

167 4077 274 4141 culum
302 4082 460 4142 moueret:
499 4073 586 4158 quod
617 4082 653 4140 ut
685 4074 850 4160 effugeret,
883 4077 998 4143 librum
1021 4075 1243 4161 composuisse
1266 4095 1329 4160 quo
1353 4097 1395 4142 ex

167 4183 242 4249 aliis
266 4183 362 4250 rebus
386 4189 558 4267 corruptae
582 4182 786 4265 eloquentiae
810 4204 930 4250 causac
953 4182 1232 4271 repeterentur.³⁷)

168 4327 354 4335 ---——--—--
376 4329 381 4334 -

258 4410 296 4480 ⁸²)
323 4414 365 4467 Ex
391 4411 511 4466 hominis
530 4414 604 4468 docti
631 4414 721 4469 uerbis
744 4415 837 4470 adfero
856 4415 936 4469 haec:
970 4415 1025 4469 Das
1044 4415 1203 4470 Verhdltnis
1230 4416 1277 4469 der
1296 4416 1393 4470 beiden

152 4500 651 4624 ‘smabenwahrscheinlich
675 4503 723 4562 das
747 4503 818 4568 sein,
842 4503 904 4560 dass
928 4502 972 4560 die
995 4503 1082 4559 offena
1099 4504 1219 4574 Sprache
1242 4504 1289 4559 des
1308 4505 1330 4558 T
1348 4505 1393 4560 bei
