3128 4942
759 239 802 304 42

675 329 888 338 --—-

169 433 358 501 inclinasse:
383 456 424 501 ne
447 433 480 499 in
503 434 564 500 hoc
588 433 717 518 quidem
736 432 903 500 dissimilis
918 433 1148 518 praeceptoris.
1184 453 1246 516 quo
1264 432 1398 515 quidem

168 547 203 606 ut
227 540 407 607 fuitmulta
432 542 535 606 minor
553 550 640 627 natu,
664 541 831 626 inpugna
854 561 918 624 qua
941 540 997 607 ille
1021 541 1200 607 decertauit
1229 561 1301 605 cum
1326 561 1397 605 cor-

168 649 271 734 ruptis
294 649 366 733 ipse
390 650 430 714 ab
456 649 525 714 eius
547 649 694 733 partibus
719 648 850 715 stetisse
873 668 938 713 non
961 654 1011 714 est
1043 647 1286 715 existimandus.
1334 648 1397 714 sed

168 761 243 839 post
261 756 356 822 Fabii
379 763 514 822 mortem
538 777 619 822 unus
642 756 703 821 fuit
726 777 767 822 ex
786 755 855 821 eius
871 755 1040 840 discipulis
1056 757 1110 839 qui
1130 755 1254 839 aliquid
1268 757 1397 822 ualeret

168 869 201 927 et
224 863 257 927 in
280 884 314 928 re
337 863 468 949 publica
492 863 570 929 etin
586 863 701 929 litteris
717 865 757 929 ob
774 883 909 946 eamque
925 883 992 928 rem
1006 884 1088 929 unus
1103 865 1157 946 qui
1173 863 1395 946 eloquentiam

168 968 361 1046 Quintiliani
385 992 457 1036 cum
481 971 674 1035 auctoritate
698 971 809 1053 aliqua
832 977 1040 1054 propagaret.

255 1078 340 1144 Nam
367 1078 541 1163 Tacitus,
575 1077 629 1161 qui
657 1084 787 1162 praeter
816 1077 954 1142 Plinium
985 1077 1068 1144 inter
1090 1077 1185 1142 Fabii
1216 1076 1397 1162 discipulos

168 1185 255 1249 claro
279 1185 407 1252 nomine
430 1186 576 1270 innotuit,
592 1223 634 1232 -
649 1185 747 1249 multo
772 1192 859 1250 certe
883 1185 1019 1250 clariore
1043 1206 1140 1269 quam
1163 1185 1219 1250 ille
1243 1184 1397 1250 auunculi

168 1312 247 1357 sane
279 1293 340 1357 uiri
372 1313 436 1357 non
468 1291 691 1358 contemnendi
720 1291 870 1376 imitator,
902 1329 939 1338 -
971 1292 1105 1357 Tacitus
1138 1299 1311 1376 postquam
1344 1293 1397 1357 uir

168 1397 273 1465 factus
301 1406 359 1484 est,
391 1400 575 1484 praeceptis
605 1397 844 1476 Quintilianeae
873 1406 905 1464 et
929 1400 1031 1465 omnis
1056 1400 1187 1465 scholae
1211 1399 1394 1484 repudiatis

168 1526 259 1571 suam
284 1506 346 1572 sibi
369 1506 519 1571 formauit
543 1506 764 1591 elocutionem,
794 1528 877 1590 quae
905 1507 1053 1590 quamuis
1082 1508 1124 1574 sit
1155 1506 1332 1573 artificiosa
1362 1514 1396 1572 et

166 1614 317 1700 insolens,
359 1615 467 1680 uiuum
510 1622 617 1679 tamen
659 1615 762 1699 spirat
799 1616 938 1680 colorem
977 1636 1232 1699 generosamque
1270 1613 1396 1680 redolet

166 1720 383 1809 indolem.²⁸⁰)

258 1933 313 2003 ²⁸⁸)
336 1935 400 1990 Sero
423 1936 494 1989 mihi
512 1936 541 1988 in
560 1953 657 1989 manus
677 1936 755 1990 uenit
774 1935 843 1989 liber
866 1937 891 1988 H
910 1936 1037 2005 Meyeri
1057 1936 1211 1991 Turiceusis
1230 1954 1284 2005 quo
1303 1937 1394 2006 frag-

166 2028 280 2079 menta
307 2027 478 2078 oratorum
507 2025 731 2078 Romanorum
759 2025 871 2094 collegit
900 2043 972 2079 anno
998 2026 1073 2078 1842.
1120 2025 1193 2079 iuter
1226 2043 1297 2094 quae
1330 2028 1394 2080 suut

166 2113 274 2168 Cestii
293 2114 347 2166 Pii
366 2113 457 2167 Iunii
472 2113 645 2168 Gallionis
663 2114 754 2167 Fulii
769 2115 923 2168 Africani
936 2115 1044 2169 Cassii
1058 2114 1199 2183 reliquiae.
1229 2118 1271 2169 est
1285 2132 1393 2183 quoque

166 2203 205 2256 ibi
228 2203 261 2256 de
285 2203 323 2256 eis
346 2203 437 2256 breuis
460 2203 606 2257 enarratio
645 2220 715 2270 quae
739 2203 762 2256 si
786 2203 920 2272 legissem,
950 2206 1101 2272 antequam
1128 2205 1196 2257 haee
1224 2203 1392 2272 scripseram,

165 2292 247 2346 ualde
275 2309 361 2346 essem
383 2292 504 2363 gauisus.
550 2310 624 2346 nunc
646 2292 718 2346 nihil
745 2293 812 2346 noui
839 2310 872 2346 ex
899 2293 955 2346 illis
983 2293 1075 2346 didici.
1113 2295 1178 2345 sunt
1207 2295 1301 2346 autem
1328 2292 1392 2346 illae

165 2381 291 2450 Meyeri
318 2381 491 2436 collectiones
519 2381 600 2436 ualde
629 2381 771 2451 augendus
798 2399 831 2435 ex
858 2381 1003 2436 Senecae
1031 2381 1142 2435 horreis.
1189 2381 1262 2448 quod
1285 2381 1309 2435 si
1332 2381 1391 2450 quis

164 2471 268 2536 fecerit,
288 2471 409 2526 laborem
428 2470 532 2524 subibit
550 2474 582 2524 ut
600 2489 655 2525 non
674 2471 727 2525 sibi
740 2470 891 2524 iucundum
910 2470 953 2524 ita
970 2470 1097 2524 omnibus
1116 2469 1164 2538 qui
1182 2469 1222 2523 rei
1240 2470 1391 2525 rhetoricae

166 2560 278 2614 student
297 2560 443 2614 admodum
462 2562 581 2628 gratum.
