3128 4942
838 264 881 332 52

752 355 965 366 t—-un

246 459 309 549 nisi
331 483 433 548 paruo
461 460 615 548 temporis
648 460 819 527 interuallo
848 461 932 528 inter
963 481 999 529 se
1027 460 1157 529 distant.
1204 467 1244 546 et,
1268 456 1354 544 quod
1368 458 1472 525 maxi-

244 591 330 636 mum
367 578 426 656 est,
462 569 689 654 disquisitione
724 590 797 636 mea
833 569 951 636 lucrari
988 568 1135 636 uidemur
1170 576 1206 635 ut
1241 570 1473 652 intellegamus

245 677 376 745 eodem
399 677 479 744 fere
502 686 671 763 tempore
685 676 822 744 Fabium
834 697 965 743 munere
980 697 1016 744 se
1040 677 1248 744 abdicasse
1272 683 1308 743 et
1331 676 1472 742 librum

244 784 289 850 de
313 785 444 852 causis
468 791 676 871 corruptae
699 785 947 868 eloquentiae
970 783 1212 870 conscripsisse.

615 1035 767 1092 llxcursus
785 1035 823 1090 sd
842 1036 933 1105 caput
953 1035 977 1092 1
994 1034 1093 1105 prior.

329 1163 373 1218 Ne
397 1163 465 1232 quid
487 1163 583 1218 uidear
604 1162 727 1217 omisisse
750 1180 843 1218 eorum
867 1179 938 1231 quae
961 1161 1102 1217 attineant
1125 1161 1161 1215 ad
1178 1159 1387 1216 Institutionem
1405 1177 1468 1214 con·

240 1252 372 1323 scriptam
391 1255 419 1308 et
438 1252 574 1318 emissam,
597 1270 653 1308 non
675 1252 783 1322 pigebit
805 1252 935 1307 disserere
953 1251 1048 1321 paucis
1072 1250 1262 1306 duratione
1285 1267 1352 1319 qna
1370 1249 1469 1304 illam

239 1342 408 1413 prodiisse
427 1343 472 1397 sit
490 1341 687 1398 uerisimile.

330 1431 365 1500 [I]
384 1448 495 1501 prooem
509 1435 524 1496 ξ
539 1431 574 1486 25
591 1431 710 1502 legimus
722 1431 803 1486 haec:
822 1430 958 1500 quidquid
975 1431 1046 1487 utile
1060 1431 1096 1486 ad
1108 1431 1311 1486 instituendum
1329 1432 1468 1485 oratorem

238 1521 413 1591 putabamus,
432 1521 463 1575 in
475 1521 525 1575 hos
544 1520 688 1576 duodecim
705 1520 788 1576 libros
807 1521 1022 1576 contulimus.
1060 1521 1134 1590 quod
1146 1520 1262 1576 scribere
1277 1519 1466 1586 Quintilianus

237 1628 293 1666 non
310 1609 404 1681 potuit
421 1609 476 1664 nisi
495 1627 526 1665 eo
544 1613 669 1680 tempore
696 1628 750 1679 quo
768 1613 860 1665 totum
879 1628 946 1681 opus
974 1611 1131 1665 absolutum
1159 1610 1189 1663 in
1208 1609 1335 1664 manibus
1362 1609 1463 1663 tenuit.

236 1699 333 1769 itaque
355 1699 535 1769 prooemium,
563 1699 670 1768 inquo
697 1700 748 1754 illa
776 1702 894 1766 exstant,
922 1699 1073 1754 necessario
1100 1698 1256 1768 colligimus
1283 1698 1466 1766 compositum

236 1806 302 1855 esse,
326 1793 474 1859 postquam
492 1789 635 1845 duodecim
653 1789 719 1844 libri
737 1807 830 1844 omnes
848 1789 964 1859 perfecti
982 1788 1047 1844 sint.
1083 1788 1107 1842 si
1126 1792 1228 1854 autem,
1252 1791 1285 1842 ut
1302 1788 1345 1843 ita
1363 1787 1464 1855 dicam,

235 1879 322 1934 totins
349 1880 437 1950 operis
464 1879 600 1949 praefatio
626 1879 676 1934 illo
703 1879 842 1947 prooemio
868 1878 1034 1944 continetur,
1062 1896 1127 1933 una
1154 1878 1325 1947 simulque
1352 1895 1465 1933 omncs

235 1968 301 2022 libri
319 1968 388 2024 editi
407 1985 464 2023 esse
482 1971 548 2023 sunt
566 1968 691 2038 putandi.

323 2058 383 2112 Iam
402 2057 555 2112 euoluenda
578 2060 643 2112 snnt
661 2057 739 2113 nobis
762 2057 827 2112 libri
845 2057 894 2112 IV¹
914 2059 942 2112 et
960 2056 1026 2111 libri
1043 2057 1092 2112 V1¹
1112 2056 1258 2127 prooemia.
1296 2057 1355 2112 loco
1373 2057 1464 2127 priore

233 2149 330 2201 narrat
347 2145 455 2201 Vitorio
474 2146 636 2202 Domitillae
654 2146 798 2217 Augustae
816 2150 929 2218 nepotes
948 2147 1001 2202 sibi
1019 2146 1137 2202 traditos
1155 2164 1212 2202 esse
1231 2165 1249 2201 a
1268 2146 1383 2202 (laesere
1402 2164 1463 2202 eru·

233 2235 358 2291 diendos:
381 2253 438 2305 qua
455 2253 484 2291 re
503 2254 531 2292 se
549 2236 664 2307 impelli,
688 2239 728 2303 ut,
753 2237 778 2291 si
795 2237 890 2307 possit,
915 2237 1001 2292 etiam
1025 2236 1188 2307 diligentius
1211 2239 1240 2290 et
1257 2236 1413 2304 religiosius
1433 2237 1464 2291 in

232 2325 354 2380 laborem
382 2329 538 2396 susceptum
565 2326 575 2381 i
600 2343 615 2382 e
641 2326 671 2380 in
699 2326 907 2383 Institutionem
937 2327 1159 2383 conscribendam
1186 2325 1336 2380 incumbat.
1384 2327 1464 2382 ouius

232 2415 344 2483 quidem
371 2415 491 2471 muneris
519 2416 587 2472 dicit
605 2419 655 2480 §7
681 2416 742 2487 ipsa
765 2417 935 2486 cogitatione
962 2433 990 2472 sa
1013 2416 1138 2487 litigari.
1161 2416 1269 2470 -loco
1293 2417 1380 2470 altero
1398 2433 1462 2470 con-

231 2506 311 2574 queri
328 2505 410 2560 illum
428 2504 461 2560 de
479 2505 641 2561 calamitate
670 2505 821 2561 domestica
849 2507 880 2561 in
901 2506 953 2561 hoc
980 2506 1072 2576 capite
1099 2506 1157 2561 iam
1183 2505 1316 2560 uidimus:
1345 2505 1392 2560 hio
1418 2509 1463 2560 est

231 2594 387 2649 addendum
410 2592 498 2663 apud
516 2592 695 2659 Vitorium,
719 2610 802 2662 quern
820 2595 872 2649 hoc
890 2612 999 2663 quoque
1021 2594 1160 2664 prooemio
1179 2595 1310 2664 appellat,
1330 2594 1462 2664 conqueri

230 2683 355 2736 Fabium.
393 2684 536 2750 praeterea
562 2700 624 2736 cum
648 2682 745 2736 ceteris
768 2683 825 2737 eius
848 2684 1030 2753 paragraphis
1056 2686 1118 2738 tum
1143 2684 1189 2736 14·
1213 2686 1241 2738 et
1265 2686 1313 2739 16·
1331 2685 1461 2740 doeemur

230 2770 316 2824 etiam
334 2775 396 2825 tum
414 2769 568 2824 scribendos
587 2770 612 2824 ei
631 2787 688 2824 esse
706 2770 789 2825 libros
808 2771 857 2840 qui
876 2772 1085 2841 subsequentur.

318 2860 359 2913 Ex
382 2859 425 2912 his
448 2859 516 2927 quid
538 2858 744 2914 concludimus?
783 2860 912 2929 primum,
940 2861 995 2915 nisi
1017 2861 1106 2928 fallor,
1134 2861 1244 2917 Vitorio
1273 2865 1352 2917 notos
1374 2863 1458 2919 iuuisse

229 2946 312 3002 libros
326 2950 382 3002 tres
394 2947 504 3017 priores,
525 2966 588 3003 cum
602 2948 696 3017 quarti
708 2950 885 3018 prooemium,
905 2954 1037 3019 quartum
1053 2954 1082 3007 et
1096 2950 1234 3020 quintum,
1254 2969 1317 3006 cnm
1331 2953 1378 3007 VI¹
1397 2969 1458 3022 pro·

228 3037 347 3092 oemium
366 3037 495 3093 scriberet
513 3037 714 3105 Quintilianus:
733 3039 868 3109 deinceps,
887 3059 950 3096 oum
967 3041 1113 3111 prooemiis
1130 3043 1223 3110 partes
1241 3058 1350 3109 quoque
1368 3041 1460 3112 operis

228 3127 327 3195 quibus
351 3126 408 3181 sint
429 3127 581 3196 praemissa
599 3127 706 3183 Vitorio
729 3130 860 3199 legendas
884 3147 940 3185 esse
962 3131 1088 3185 traditas.
1125 3148 1191 3184 nam
1209 3130 1232 3183 si
1251 3130 1293 3185 ita
1310 3148 1366 3186 non
1385 3132 1458 3186 arbi-

226 3215 370 3282 trabimur,
394 3216 462 3285 quid
485 3216 538 3271 erit
561 3216 749 3287 opinandum?
784 3219 902 3274 Fabium
925 3219 1003 3274 nobis
1025 3219 1162 3289 fingamus
1185 3236 1293 3274 necesse
1316 3219 1369 3274 erit
1393 3238 1458 3276 eum

226 3305 275 3373 qui
297 3305 386 3361 tribus
409 3306 488 3361 libris
510 3306 638 3376 perfectis
661 3307 796 3377 magister
818 3310 926 3363 creatus
949 3325 1096 3377 puerorum
1120 3310 1179 3363 loco
1203 3311 1325 3363 ortorum
1349 3327 1457 3366 summo

225 3394 283 3464 ipse
302 3412 330 3450 se
348 3396 541 3466 interrumpat,
565 3398 598 3451 ut
615 3413 673 3451 rem
691 3396 849 3452 felicissime
866 3397 970 3452 tactam
990 3396 1079 3452 amico
1097 3397 1210 3452 nuntiet
1229 3415 1278 3467 per
1296 3398 1455 3467 epistulam,

226 3513 257 3522 —
278 3502 344 3540 nam
362 3486 431 3541 haec
453 3487 607 3553 estforma
625 3487 766 3557 prooemii,
788 3516 819 3526 -
839 3504 923 3555 quam
947 3489 1042 3542 temen
1065 3487 1113 3542 ille
1137 3505 1193 3542 non
1215 3489 1285 3553 tum,
1310 3487 1357 3542 sed
1379 3493 1455 3557 post·

224 3591 308 3643 quam
326 3577 418 3630 totum
441 3576 526 3631 fuerit
544 3594 612 3647 opus
631 3577 796 3642 absolutum,
824 3593 963 3631 unacum
982 3594 1013 3632 eo
1032 3577 1159 3646 accipiat.
1198 3577 1350 3632 eundemne
1368 3578 1454 3633 filiolo

222 3666 332 3718 mortuo
349 3665 543 3721 lamentabiles
566 3666 631 3722 dare
649 3667 758 3722 litteras
782 3665 818 3720 ad
836 3666 954 3721 amicum
978 3667 1038 3737 ipso
1057 3683 1087 3721 eo
1111 3669 1233 3734 tempore
1257 3685 1311 3735 qno
1329 3668 1454 3723 Fortuna

223 3753 282 3808 uim
300 3753 326 3808 ei
345 3754 481 3821 attulerit,
500 3754 548 3810 sed
565 3754 622 3825 legi
641 3755 705 3809 illas
724 3755 832 3810 litteras
852 3756 923 3810 uelle
942 3757 977 3810 ab
996 3756 1085 3810 amico
1104 3773 1167 3810 cum
1186 3756 1318 3810 absolutis
1337 3757 1451 3812 Institu-

221 3842 306 3898 tionis
324 3843 403 3898 libris
421 3843 576 3899 duodecim!
596 3844 711 3898 minime
729 3844 821 3899 hercle
838 3845 917 3900 nobis
935 3845 1075 3914 putandus
1093 3847 1136 3899 est
1149 3844 1250 3899 Fabius
1268 3845 1351 3900 fuisse
1370 3848 1451 3903 homo

221 3936 282 3987 tam
301 3932 441 3988 ridiculus.
479 3950 533 4002 quo
553 3934 588 3988 ab
606 3950 638 3988 eo
657 3937 781 4002 tempore
799 3934 902 4004 scripta
920 3938 985 3989 sunt
1007 3933 1155 4004 prooemia,
1178 3951 1266 4003 paene
1289 3935 1381 3990 eodem
1405 3938 1451 3992 uel

220 4023 304 4091 paulo
326 4025 389 4091 post
411 4023 485 4077 lecta
508 4025 573 4077 sunt
592 4041 609 4077 a
627 4023 735 4078 Vitorio
758 4042 821 4079 cum
844 4023 938 4093 eisque
961 4041 1009 4079 eae
1033 4023 1122 4093 operis
1145 4026 1237 4092 partes
1255 4024 1354 4091 quibus
1372 4043 1449 4094 prae·
1506 4026 1509 4031 ’

220 4111 327 4166 cedunt.
365 4112 461 4180 itaque
484 4112 604 4181 primum
628 4130 690 4167 cnm
713 4113 821 4170 Vitorio
845 4114 928 4168 libros
950 4116 1006 4168 tres
1028 4113 1138 4183 priores,
1167 4113 1294 4182 deinceps
1317 4119 1449 4182 quartum

220 4203 248 4255 et
270 4201 408 4270 quintum,
436 4201 555 4269 denique
579 4204 690 4269 ceteros,
718 4203 934 4258 communicauit
953 4203 1154 4270 Quintilianus:
1182 4220 1272 4271 neque
1293 4204 1343 4258 hos
1365 4205 1448 4259 simul

211 4306 320 4356 omnes,
339 4290 387 4345 sed
405 4293 455 4346 aut
473 4290 627 4360 singulos
646 4295 696 4346 aut
713 4310 768 4348 uno
786 4295 910 4362 tempore
927 4310 1028 4363 paucos
1047 4309 1110 4346 eum
1135 4293 1241 4347 amieo
1260 4294 1447 4350 tradidisse

218 4395 269 4448 ego
288 4380 402 4449 supicer.

306 4468 378 4535 Quid
397 4470 481 4525 uero?
512 4488 602 4527 nonne
620 4471 703 4526 simul
721 4488 815 4527 omnes
833 4471 916 4526 libros
936 4470 1057 4526 uidimus
1075 4487 1132 4526 esse
1151 4472 1258 4527 editos?
1290 4475 1374 4540 atque
1388 4473 1445 4528 iam

217 4561 249 4614 tu
268 4559 465 4656 nowen
488 4559 565 4616 iubes
584 4564 692 4630 partem
711 4579 744 4616 ex
763 4563 842 4630 parte
860 4560 1068 4616 Institutionem
1092 4561 1121 4614 in
1147 4578 1245 4616 manus
1264 4561 1365 4616 Vitorii
1384 4581 1443 4633 per·
