3128 4942
755 273 799 337 45

256 467 345 532 Dicit
368 468 489 534 Fabius
513 467 525 530 l
550 467 570 531 d
593 488 658 532 non
682 467 791 534 statim
816 487 851 533 se
875 468 1118 553 obtemperasse
1142 467 1263 551 amicis,
1292 467 1346 549 qui
1370 487 1391 531 a

164 574 308 640 sedere
327 575 487 640 rhetorica
512 575 608 640 scribi
632 573 762 658 uellent,
787 574 845 639 sed
869 574 923 639 diu
947 574 1138 657 reluctatum
1162 595 1244 640 esse.
1280 574 1390 657 itaque

163 688 339 764 antequam
363 682 428 747 illis
453 683 552 747 cessit
576 688 607 746 61
631 681 772 745 animum
795 680 920 746 induxit
936 701 1126 766 componere
1143 681 1391 765 Institutionem,

164 788 328 871 aliquod
352 795 501 873 tempus
525 788 768 872 consumpsit.
816 788 969 872 deinceps
998 789 1029 850 II
1058 792 1105 871 19,
1133 791 1182 865 12,
1212 808 1391 870 quaecum

165 896 297 979 scripsit
325 896 464 960 nondum
494 895 548 960 diu
577 895 610 960 in
640 915 720 979 opus
749 895 946 979 incubuerat,
980 894 1021 960 de
1050 915 1086 961 se
1119 894 1198 959 dicit
1230 896 1326 960 baec:
1360 901 1392 960 et

163 1002 390 1088 praecipiendi
422 1023 536 1068 munus
568 1003 642 1065 iam
675 1001 824 1085 pridem
853 1002 1018 1086 deprecati
1056 1022 1165 1067 sumus
1197 1008 1229 1066 61
1257 1002 1290 1066 in
1322 1002 1392 1067 1616

166 1129 295 1193 quoque
319 1108 457 1175 dicendi.
481 1147 523 1156 -
548 1108 622 1174 hinc
649 1115 749 1193 patet,
778 1109 875 1173 etiam
903 1115 1076 1194 postquam
1104 1110 1166 1175 sibi
1188 1110 1393 1194 proposuerit

167 1217 309 1284 scribere
342 1223 374 1281 61
407 1223 579 1298 antequam
614 1215 657 1279 ad
690 1215 894 1281 scribendum
921 1215 1047 1301 adierit,
1082 1217 1206 1300 aliquid
1238 1218 1392 1302 temporis

166 1325 384 1411 praeteriisse.
436 1322 662 1389 Dodwcllus
693 1331 722 1402 (c
748 1326 788 1389 19
808 1345 882 1408 --6
910 1327 993 1389 1139
1023 1323 1173 1389 editionis
1202 1323 1394 1400 Quintiliani

166 1432 427 1496 Burmannianae
450 1432 479 1513 I)
513 1452 585 1497 eum
618 1431 791 1514 scripsisse
818 1430 903 1495 infra
936 1429 1181 1513 quadriennium
1214 1453 1234 1496 a
1262 1453 1393 1498 munere

169 1538 322 1604 abdicato
347 1561 387 1605 ex
410 1540 461 1604 bis
482 1539 681 1622 suspicatur:
706 1544 804 1620 atque
828 1537 862 1601 id
886 1559 925 1602 cx
952 1558 999 1624 eo,
1024 1538 1110 1621 quod
1134 1539 1239 1605 adbuc
1263 1540 1394 1606 scholae

172 1665 248 1712 suae
282 1646 448 1711 auditores
480 1646 614 1710 iuuenes
653 1645 681 1724 (I
713 1664 844 1728 prooem
877 1647 896 1725 ξ
924 1649 954 1722 ll
988 1652 1020 1711 61
1053 1665 1130 1712 6666
1167 1646 1394 1713 adulescentes

173 1751 244 1830 (VII
268 1757 297 1837 3,
322 1756 377 1835 30)
402 1752 546 1837 66661161
569 1752 699 1827 Fabius,
730 1749 984 1817 concludendum
1008 1758 1101 1836 putat
1126 1774 1207 1819 esse.
1255 1753 1314 1819 sed
1336 1775 1395 1839 per

170 1879 206 1925 66
230 1867 367 1944 6666161
391 1866 512 1924 certum
536 1865 664 1942 tempus
689 1880 728 1924 ex
753 1859 801 1924 eis
825 1880 909 1942 quae
933 1858 1021 1924 dicat
1044 1860 1099 1926 ille
1128 1862 1308 1945 computari
1330 1881 1394 1925 non

169 1986 276 2051 posse.
324 1974 433 2032 tamen
466 1968 493 2032 61
526 1965 632 2032 medio
665 1966 805 2048 quodam
836 1965 900 2031 fine
933 1968 1105 2032 terminare
1134 1969 1282 2034 uolumus
1312 1988 1395 2051 quae

171 2074 349 2159 traduntur,
373 2075 420 2139 illi
444 2073 531 2156 quod
555 2080 605 2139 661
624 2073 687 2137 diu
709 2074 832 2156 aliquot
846 2094 974 2139 menses
989 2075 1129 2140 tribucre
1145 2082 1396 2142 consentaneum

173 2189 230 2266 est,
264 2181 338 2246 huic
370 2189 478 2246 autem
506 2180 592 2263 quod
622 2187 671 2246 661
694 2180 940 2265 iampridem
963 2181 1037 2265 6166
1065 2188 1152 2247 66116
1181 2203 1277 2265 quam
1299 2203 1396 2247 unum

173 2309 299 2355 annum.
347 2290 375 2354 61
406 2290 504 2372 igitur
533 2288 687 2353 sumimus
715 2288 786 2371 ipso
816 2307 855 2351 eo
887 2308 971 2351 anno
1000 2309 1062 2370 quo
1092 2295 1209 2373 coepta
1233 2290 1276 2356 sit
1299 2291 1396 2356 scribi

171 2396 335 2462 Institutio
360 2396 575 2480 conscriptum
604 2415 677 2460 6666
705 2394 819 2459 librum
848 2395 917 2459 eius
946 2394 1096 2460 alterum:
1134 2403 1201 2460 tum
1233 2396 1395 2462 existima-

173 2504 278 2568 bimus
303 2501 535 2578 Quintilianum
563 2503 723 2587 priuatum
752 2501 854 2567 fuisse
882 2501 999 2566 abhinc
1027 2501 1175 2568 duobus
1203 2502 1270 2568 1616
1294 2505 1396 2569 annis.

175 2612 223 2674 616
246 2609 289 2672 ad
312 2630 430 2674 annum
445 2614 487 2675 90
511 2610 643 2674 adducti
667 2609 728 2674 hoc
751 2609 818 2674 fere
842 2629 926 2673 anno
941 2609 1031 2674 illum
1047 2630 1120 2676 sese
1135 2610 1176 2674 ad
1194 2609 1397 2676 scribendum

174 2716 360 2801 adplicasse
383 2717 577 2800 putabimus.
624 2715 674 2802 (61
696 2716 904 2782 Excursum
933 2716 976 2780 ad
999 2717 1060 2782 boc
1083 2724 1181 2802 caput
1208 2716 1395 2804 priorem.)

262 2824 416 2889 Venimus
440 2823 716 2888 adeditionem
741 2824 857 2907 operis.
904 2843 943 2888 ac
959 2823 1081 2889 Fabius
1105 2845 1175 2889 cum
1200 2826 1232 2889 in
1257 2826 1398 2910 epistula

173 2931 216 2996 ad
240 2931 446 3014 Tryphonem
474 2931 564 3015 operi
592 2930 773 3014 praemissa
805 2935 941 2994 testetur
972 2933 991 3011 ξ
1019 2937 1031 2994 1
1064 2931 1162 3016 66616
1194 2931 1268 3016 6166
1300 2953 1397 3015 quam

173 3038 368 3104 biennium
387 3036 557 3103 Oratoriae
571 3036 776 3102 Institutione
792 3057 827 3101 sc
841 3035 1048 3120 impendisse,
1072 3037 1201 3103 uidetur
1220 3039 1397 3123 perfecisse

178 3165 256 3229 opus
279 3147 365 3210 circa
389 3166 506 3210 annum
522 3148 579 3210 92:
603 3164 663 3209 nec
687 3149 794 3207 tamen
811 3143 1004 3226 simulatque
1018 3145 1168 3229 absoluit,
1193 3146 1307 3210 emisit.
1339 3146 1398 3211 scd

178 3271 277 3318 exeo
301 3252 422 3335 quodi
446 3252 570 3318 ddicit
594 3255 613 3333 ξ
638 3255 673 3317 2:
698 3250 973 3317 usus...Horati
997 3251 1332 3319 consilio...dabam
1356 3254 1398 3318 iis

176 3359 282 3445 otium,
305 3366 340 3425 ut
363 3359 555 3442 refrigerato
579 3359 773 3424 inuentionis
798 3377 907 3423 amore
931 3356 1119 3441 diligentius
1142 3361 1298 3444 repetitos
1319 3367 1399 3425 tam·

175 3486 271 3549 quam
294 3467 397 3531 lector
418 3466 659 3550 perpenderem,
683 3465 925 3548 aliquantum
948 3466 1101 3549 temporis
1116 3466 1301 3533 interfuisse
1315 3468 1399 3533 inter·

174 3574 439 3659 compositionem
463 3579 494 3637 et
518 3571 692 3637 editionem
716 3573 797 3638 satis
826 3577 971 3656 apparet.
1017 3579 1203 3654 quantum
1231 3572 1265 3637 id
1295 3574 1398 3659 166111,

173 3683 285 3764 nequit
318 3680 390 3746 dici.
445 3700 563 3745 nonum
595 3680 629 3742 in
657 3699 774 3743 annum
798 3680 1035 3744 institutionem
1058 3700 1121 3744 non
1146 3701 1219 3746 6666
1243 3703 1398 3767 pressam,

174 3787 261 3870 quod
285 3787 415 3870 quidem
439 3787 579 3853 debebat
603 3806 643 3850 cx
657 3786 836 3850 Horatiano
860 3786 926 3870 illo,
950 3787 1168 3869 intellegimus
1183 3809 1223 3854 ex
1238 3791 1398 3875 epistulae

174 3896 249 3974 §§1
273 3900 305 3958 61
326 3900 354 3979 3,
380 3895 495 3977 quibus
519 3894 625 3959 uereri
649 3914 684 3959 se
709 3891 796 3976 dicit,
819 3894 972 3978 ueprius
997 3914 1093 3976 quam
1116 3895 1236 3961 iustum
1260 3897 1302 3962 sit
1325 3897 1398 3961 libri

175 4001 225 4065 sui
258 4000 403 4067 edantur.
454 4002 564 4084 itaque
598 4001 627 4066 si
654 4008 780 4083 tempus
809 4021 905 4081 quam
934 4002 1159 4066 breuissimum
1183 4004 1273 4069 libris
1297 4010 1399 4069 matu-

174 4106 340 4172 rescendis
355 4108 548 4192 dederimus,
572 4128 683 4172 unum
699 4107 869 4171 dumtaxat
883 4129 1000 4173 annum
1017 4109 1064 4174 eis
1080 4108 1300 4176 concedemus.
1333 4116 1401 4175 tum

174 4214 267 4278 nobis
292 4213 454 4280 uidebitur
475 4215 638 4282 Institutio
663 4215 782 4280 emissa
807 4235 880 4280 esse
905 4215 1199 4282 61166611661693.
1238 4216 1297 4283 sed
1312 4225 1399 4283 certe

174 4341 238 4386 non
270 4320 426 4386 babemus
454 4343 517 4405 quo
549 4323 711 4409 possimus
741 4321 962 4387 demonstrare
992 4323 1099 4408 operis
1119 4323 1301 4390 editionem
1324 4332 1399 4390 ante

174 4450 293 4495 annum
308 4433 350 4495 94
367 4430 486 4494 factam
502 4451 589 4498 csse:
613 4432 708 4496 immo
732 4451 809 4496 uero
829 4451 892 4495 non
908 4432 988 4497 satis
1004 4431 1114 4516 liquet,
1137 4439 1242 4497 utrum
1257 4454 1341 4499 anno
1357 4439 1399 4500 93

174 4542 269 4602 61194
283 4537 363 4602 illud
377 4537 535 4622 prodierit
548 4537 581 4601 in
595 4538 712 4603 lucem:
728 4538 806 4621 quin
820 4538 917 4603 etiam
931 4544 1039 4622 potest
1053 4539 1190 4622 cogitari
1201 4539 1241 4606 de
1252 4560 1336 4606 anno
1347 4545 1399 4609 91).
