3128 4942
770 259 812 323 37

178 452 395 520 declamatore
419 454 486 536 egit
515 452 562 539 (in
584 461 824 538 programmate
847 454 1011 539 gymnasii
1034 453 1300 537 Hirsohbergiani
1324 452 1400 518 anni

181 561 286 647 1868),
310 561 501 643 quaestione
523 568 611 626 mota
635 562 697 628 sibi
720 562 884 646 persuasit
907 582 1005 646 supra
1028 561 1147 627 iustum
1166 560 1295 625 modurn
1308 560 1400 625 illum

174 687 239 733 non
269 669 436 753 progredi,
472 669 536 734 nisi
569 668 655 752 quod
687 669 847 735 coloribus
880 669 975 735 nimis
1009 667 1195 734 artificiosis
1226 675 1335 733 utatur
1367 673 1400 734 et

170 773 287 858 figuris
318 775 465 860 pluribus
497 796 594 858 quam
626 797 686 860 par
718 776 760 842 sit
792 777 969 842 orationem
1001 781 1142 842 exornet.
1196 773 1240 839 ad
1276 773 1399 858 figuras

171 888 323 967 spectare
355 889 449 966 putat
478 902 562 964 quae
593 883 744 965 leguntur
775 882 863 966 apud
891 883 1041 948 Tacitum
1068 882 1102 946 in
1131 881 1263 965 Dialogi
1292 901 1309 946 c
1339 884 1397 948 26:

172 988 337 1054 tinnitus
372 988 577 1055 Gallionis.
633 988 692 1055 sed
723 989 786 1055 hoc
815 989 886 1054 loco
919 989 982 1055 sibi
1019 995 1223 1074 opponuntur
1258 988 1398 1073 impetus

175 1094 314 1161 Gracchi
344 1095 517 1178 Crassique
549 1096 727 1180 maturitas,
760 1103 795 1161 ut
823 1117 906 1180 quae
930 1101 1017 1161 stent
1039 1098 1081 1160 ab
1105 1095 1209 1162 altera
1231 1101 1333 1181 parte,
1366 1103 1399 1162 et

172 1201 350 1268 calamistri
363 1203 563 1268 Maecenatis
586 1202 737 1286 illiusque
754 1204 898 1288 tinnitus,
922 1204 977 1287 qui
993 1209 1068 1269 sunt
1090 1203 1132 1268 ab
1147 1204 1260 1269 altera.
1287 1203 1398 1286 itaque

171 1316 316 1375 extrenm
349 1309 510 1393 quaedam
541 1311 621 1375 uitia
654 1311 890 1394 significantur:
929 1317 962 1377 et
997 1310 1084 1395 quod
1117 1310 1299 1377 Gallionem
1336 1312 1398 1378 sibi

169 1415 273 1499 elegit
296 1416 443 1501 Tacitus,
470 1424 643 1502 propterea
670 1418 780 1484 nescio
809 1439 851 1483 an
879 1418 1004 1503 fecerit,
1033 1419 1109 1501 quia
1136 1418 1170 1483 in
1197 1418 1259 1484 hoc
1285 1418 1399 1484 uitium

169 1521 359 1588 adfectatae
383 1524 567 1606 elegantiae
591 1544 688 1607 quam
708 1524 847 1589 maxime
872 1525 959 1590 cerni
982 1545 1080 1610 posse
1104 1525 1147 1591 sit
1170 1525 1353 1593 arbitratus.
1461 1600 1463 1604 μ

262 1629 411 1695 Ceterum
438 1630 471 1694 in
499 1630 683 1696 uniuersum
711 1631 806 1697 fateri
838 1630 914 1695 mihi
946 1631 1043 1695 liceat
1071 1630 1296 1697 difficillimum
1324 1653 1398 1700 esse

169 1735 360 1821 diiudicare,
388 1737 451 1802 utri
479 1743 641 1801 oratorum
669 1738 789 1823 generi,
819 1758 898 1804 sano
928 1759 970 1802 an
999 1744 1157 1823 corrupto,
1187 1738 1307 1821 singuli
1331 1741 1397 1805 sint

168 1842 377 1928 adsignandi.
423 1865 527 1928 neque
551 1844 636 1909 enim
659 1844 779 1910 indicia
803 1866 887 1928 quae
911 1844 1108 1911 desumimus
1132 1866 1172 1911 ex
1195 1845 1286 1911 libris
1300 1846 1396 1911 Fabii

168 1957 238 2016 tam
261 1958 349 2017 certa
374 1959 455 2036 sunt,
479 1959 514 2016 ut
537 1952 632 2036 quasi
655 1951 784 2018 modulo
809 1953 857 2019 eis
880 1953 926 2017 uti
950 1952 1120 2037 possimus.

264 2057 297 2143 l)
326 2060 449 2124 Tamen
482 2059 693 2125 dubitandum
724 2080 789 2125 non
821 2067 884 2145 est,
917 2061 994 2143 quin
1025 2060 1161 2126 insanae
1193 2060 1397 2143 eloquentiae

173 2165 341 2249 exemplar
373 2165 500 2230 dederit
532 2164 561 2241 Q
594 2166 748 2231 Curtius
781 2167 901 2232 Rufus
938 2167 1019 2232 libro
1057 2187 1151 2249 quem
1188 2167 1318 2253 scripsit
1355 2169 1396 2236 de

169 2272 351 2338 Alexandri
388 2273 500 2356 Magni
536 2274 631 2339 rebus
667 2274 785 2356 gestis:
824 2275 915 2340 cuius
950 2275 1024 2340 libri
1060 2295 1213 2357 magnam
1250 2282 1396 2343 tenemus

168 2387 304 2467 partem.
350 2401 446 2462 quem
473 2378 603 2463 quidem
631 2381 736 2463 quiuis
765 2380 926 2464 intellegit
953 2383 994 2447 ab
1025 2401 1063 2446 eo
1092 2401 1157 2446 non
1185 2384 1397 2468 compositum

170 2508 254 2572 esse,
285 2495 320 2552 ut
343 2508 448 2553 rerum
476 2488 647 2552 ueritatem
674 2488 827 2571 religiose
856 2487 1047 2572 indagatam
1075 2496 1249 2575 enarraret,
1278 2490 1337 2556 sed
1361 2499 1397 2556 ut

169 2602 335 2662 exerceret
367 2601 399 2660 et
430 2615 510 2680 prae
542 2616 578 2662 se
610 2595 708 2661 ferret
741 2587 918 2662 sollertiam
948 2595 1155 2661 rhetoricam:
1196 2617 1280 2680 quae
1312 2598 1395 2663 ratio

167 2703 245 2769 inde
274 2703 315 2767 ab
339 2701 468 2786 Ephoro
498 2709 530 2768 et
559 2702 769 2787 Theopompo
792 2703 967 2770 Isocrateis
994 2703 1029 2768 in
1056 2723 1149 2769 usum
1176 2711 1319 2771 uenerat.
1365 2705 1400 2770 cf
1505 2732 1507 2736 ³

170 2811 365 2894 Ciceronem,
395 2809 436 2875 de
465 2808 544 2874 Orat
571 2810 603 2872 Π
631 2813 682 2875 57,
729 2808 828 2885 Quint
850 2811 882 2875 X
908 2813 934 2895 l,
967 2814 1016 2876 74.
1063 2810 1250 2876 facundiam
1278 2818 1395 2898 autem,

169 2918 298 3002 qualem
322 2916 451 2982 Curtius
474 2924 615 3001 usurpet,
644 2924 827 3002 corruptam
851 2937 924 2983 esse
948 2938 1020 2983 cum
1043 2939 1083 2984 ex
1106 2924 1174 2983 toto
1198 2919 1279 2984 libro
1303 2926 1395 3005 patet

169 3031 236 3090 tum
259 3046 299 3090 ex
322 3024 524 3090 contionibus
548 3024 578 3089 ei
601 3024 740 3090 insertis.
787 3031 884 3106 atque
909 3045 949 3089 ex
966 3024 1016 3089 his
1040 3025 1219 3109 specimina
1241 3027 1395 3092 nonnulla

172 3131 247 3196 mibi
269 3129 463 3217 proferenda
487 3137 569 3216 sunt,
593 3151 677 3214 quae
701 3131 766 3196 ullo
790 3131 948 3197 instruere
972 3133 1199 3198 commentario
1224 3117 1305 3218 opus
1321 3154 1394 3201 esse

174 3256 236 3301 non
257 3238 390 3304 uidetur.

256 3343 443 3410 Alexander
465 3351 639 3429 antequam
667 3345 711 3410 ad
733 3346 839 3411 Issum
860 3366 1004 3430 pugnam
1027 3347 1247 3431 committeret,
1275 3347 1394 3415 milites

169 3451 392 3518 cohortaturus
424 3451 547 3518 dixisse
580 3460 731 3518 narratur
762 3454 845 3518 inter
877 3454 944 3518 alia
976 3454 1057 3519 haec
1085 3454 1133 3516 ΙΠ
1164 3458 1212 3538 10,
1245 3458 1392 3536 §ir-8:

166 3559 362 3626 Macedones
386 3610 520 3626 .....
545 3565 699 3625 terrarum
734 3560 820 3626 orbis
852 3560 1044 3626 liberatores
1077 3580 1288 3644 emensosque
1317 3562 1393 3627 olim

136 3656 140 3663 ’
166 3667 316 3733 Herculis
341 3674 373 3731 et
395 3667 506 3732 Liberi
533 3666 636 3751 patris
660 3668 822 3752 terminos,
850 3688 915 3732 non
938 3668 1047 3733 Persis
1074 3666 1179 3753 modo,
1209 3667 1268 3734 sed
1295 3669 1394 3735 etiam

167 3774 314 3840 omnibus
351 3774 501 3857 gentibus
538 3772 744 3858 imposituros
784 3775 901 3857 iugum.
960 3775 1172 3839 Macedonum
1209 3777 1393 3861 prouincias

165 3881 286 3946 Bactra
311 3890 342 3946 et
356 3880 454 3947 Indos
478 3881 546 3946 fore
563 3931 570 3947 .
585 3935 591 3948 .
607 3931 636 3947 ..
660 3901 723 3945 non
747 3883 780 3946 in
802 3882 986 3967 praeruptis
1006 3882 1106 3966 petris
1121 3882 1304 3967 Illyriorum
1318 3934 1325 3949 .
1340 3934 1347 3948 .
1363 3934 1370 3948 .
1386 3934 1392 3948 .

167 3988 256 4053 saxis
286 3989 428 4054 sterilem
456 3988 598 4054 laborem
631 3987 713 4073 tore,
747 3989 852 4074 spolia
885 3989 984 4054 totius
1013 3989 1145 4055 orientis
1174 3989 1291 4057 offerri.
1337 3990 1393 4055 uix

167 4093 278 4175 gladio
307 4096 446 4161 futurum
470 4115 560 4180 opus,
593 4102 694 4159 totam
722 4097 825 4162 aciem
855 4116 912 4162 suo
941 4116 1062 4181 pauore
1092 4096 1300 4162 fluctuantem
1327 4118 1393 4162 um-

165 4199 303 4265 bonibus
326 4222 424 4286 posse
447 4201 584 4287 propelli
608 4252 744 4269 .....
770 4206 802 4284 (ξ
818 4201 866 4288 8);
891 4203 994 4267 inlata
1009 4202 1167 4269 Graeciae
1191 4203 1277 4268 bella
1292 4205 1393 4270 Darei

165 4306 265 4393 prius,
295 4306 413 4372 deinde
436 4310 554 4375 Xerxis
582 4309 764 4393 insolentia,
794 4330 912 4392 aquam
935 4310 1024 4394 ipsos
1053 4317 1234 4394 terramque
1257 4332 1392 4396 poscen-

165 4415 253 4501 tium,
286 4422 321 4481 ut
349 4436 452 4497 neque
480 4415 615 4481 fontium
643 4417 793 4482 haustum
821 4437 880 4481 nec
909 4417 1022 4483 solitos
1056 4418 1144 4483 cibos
1175 4418 1392 4502 relinquerent

166 4520 295 4590 deditis.
318 4562 352 4569 —
376 4522 534 4609 proelium
558 4523 601 4588 ad
626 4523 829 4607 Gaugamela
851 4523 988 4590 initurus
1016 4545 1074 4590 rex
1101 4544 1177 4589 suos
1206 4524 1392 4610 adloquitur
