<?xml version="1.0" encoding="UTF-8"?>
<!DOCTYPE html PUBLIC "-//W3C//DTD XHTML 1.0 Transitional//EN"
    "http://www.w3.org/TR/xhtml1/DTD/xhtml1-transitional.dtd">
<html xmlns="http://www.w3.org/1999/xhtml" xml:lang="en" lang="en">
 <head>
  <title>
</title>
<meta http-equiv="Content-Type" content="text/html;charset=utf-8" />
  <meta name='ocr-system' content='tesseract 3.04.00' />
  <meta name='ocr-capabilities' content='ocr_page ocr_carea ocr_par ocr_line ocrx_word'/>
</head>
<body>
  <div class='ocr_page' id='page_1' title='image "./dequintilianili00reutgoog_0019.png"; bbox 0 0 3128 4942; ppageno 0'>
   <div class='ocr_carea' id='block_1_1' title="bbox 784 259 804 324">
    <p class='ocr_par' dir='ltr' id='par_1_1' title="bbox 784 259 804 324">
     <span class='ocr_line' id='line_1_1' title="bbox 784 259 804 324; baseline 0 0"><span class='ocrx_word' id='word_1_1' title='bbox 784 259 804 324; x_wconf 94' lang='lat'>8</span> 
     </span>
    </p>
   </div>
   <div class='ocr_carea' id='block_1_2' title="bbox 178 451 1497 4504">
    <p class='ocr_par' dir='ltr' id='par_1_2' title="bbox 178 451 1497 644">
     <span class='ocr_line' id='line_1_2' title="bbox 180 451 1497 538; baseline -0.002 -20"><span class='ocrx_word' id='word_1_2' title='bbox 180 474 275 536; x_wconf 92' lang='lat' dir='ltr'>quam</span> <span class='ocrx_word' id='word_1_3' title='bbox 308 453 433 518; x_wconf 86' lang='lat' dir='ltr'>uirilem</span> <span class='ocrx_word' id='word_1_4' title='bbox 466 451 652 517; x_wconf 89' lang='lat' dir='ltr'>orationem.</span> <span class='ocrx_word' id='word_1_5' title='bbox 707 472 771 517; x_wconf 95' lang='lat' dir='ltr'>non</span> <span class='ocrx_word' id='word_1_6' title='bbox 805 453 910 535; x_wconf 91' lang='lat' dir='ltr'>qualis</span> <span class='ocrx_word' id='word_1_7' title='bbox 944 453 1105 517; x_wconf 85' lang='lat' dir='ltr'>auditoria</span> <span class='ocrx_word' id='word_1_8' title='bbox 1136 453 1303 537; x_wconf 92' lang='lat' dir='ltr'>uoluptate</span> <span class='ocrx_word' id='word_1_9' title='bbox 1335 472 1405 538; x_wconf 90' lang='lat' dir='ltr'>per·</span> <span class='ocrx_word' id='word_1_10' title='bbox 1495 484 1497 487; x_wconf 95' lang='lat'>·</span> 
     </span>
     <span class='ocr_line' id='line_1_3' title="bbox 178 545 1406 644; baseline 0.001 -20"><span class='ocrx_word' id='word_1_11' title='bbox 178 561 326 644; x_wconf 89' lang='lat' dir='ltr'>mulceat,</span> <span class='ocrx_word' id='word_1_12' title='bbox 342 560 400 626; x_wconf 91' lang='lat' dir='ltr'>sed</span> <span class='ocrx_word' id='word_1_13' title='bbox 410 559 516 643; x_wconf 89' lang='lat' dir='ltr'>qualis</span> <span class='ocrx_word' id='word_1_14' title='bbox 527 558 750 625; x_wconf 88' lang='lat' dir='ltr'>aduersarium</span> <span class='ocrx_word' id='word_1_15' title='bbox 764 560 922 644; x_wconf 88' lang='lat' dir='ltr'>profliget,</span> <span class='ocrx_word' id='word_1_16' title='bbox 938 545 1131 627; x_wconf 78' lang='lat' dir='ltr'>adulescens</span> <span class='ocrx_word' id='word_1_17' title='bbox 1145 559 1332 626; x_wconf 88' lang='lat' dir='ltr'>formandus</span> <span class='ocrx_word' id='word_1_18' title='bbox 1348 566 1406 632; x_wconf 80' lang='lat' dir='ltr'>est.</span> 
     </span>
    </p>

    <p class='ocr_par' dir='ltr' id='par_1_3' title="bbox 180 665 1408 1181">
     <span class='ocr_line' id='line_1_4' title="bbox 268 665 1407 750; baseline 0 -19"><span class='ocrx_word' id='word_1_19' title='bbox 268 667 359 731; x_wconf 91' lang='lat' dir='ltr'>Haec</span> <span class='ocrx_word' id='word_1_20' title='bbox 383 667 484 732; x_wconf 91' lang='lat' dir='ltr'>iactat</span> <span class='ocrx_word' id='word_1_21' title='bbox 497 665 619 731; x_wconf 81' lang='lat' dir='ltr'>Fabius</span> <span class='ocrx_word' id='word_1_22' title='bbox 644 672 756 731; x_wconf 88' lang='lat' dir='ltr'>contra</span> <span class='ocrx_word' id='word_1_23' title='bbox 779 667 953 750; x_wconf 86' lang='lat' dir='ltr'>magistros</span> <span class='ocrx_word' id='word_1_24' title='bbox 969 666 1181 733; x_wconf 87' lang='lat' dir='ltr'>declamandi.</span> <span class='ocrx_word' id='word_1_25' title='bbox 1215 673 1312 750; x_wconf 86' lang='lat' dir='ltr'>atque</span> <span class='ocrx_word' id='word_1_26' title='bbox 1335 687 1407 731; x_wconf 90' lang='lat' dir='ltr'>curn</span> 
     </span>
     <span class='ocr_line' id='line_1_5' title="bbox 180 773 1406 859; baseline -0.001 -19"><span class='ocrx_word' id='word_1_27' title='bbox 180 795 221 840; x_wconf 93' lang='lat' dir='ltr'>ex</span> <span class='ocrx_word' id='word_1_28' title='bbox 251 774 332 841; x_wconf 93' lang='lat' dir='ltr'>libro</span> <span class='ocrx_word' id='word_1_29' title='bbox 371 774 411 840; x_wconf 91' lang='lat' dir='ltr'>de</span> <span class='ocrx_word' id='word_1_30' title='bbox 449 794 511 856; x_wconf 95' lang='lat' dir='ltr'>quo</span> <span class='ocrx_word' id='word_1_31' title='bbox 550 773 734 857; x_wconf 78' lang='lat' dir='ltr'>quaerimus</span> <span class='ocrx_word' id='word_1_32' title='bbox 771 775 876 840; x_wconf 89' lang='lat' dir='ltr'>locum</span> <span class='ocrx_word' id='word_1_33' title='bbox 912 782 1056 841; x_wconf 90' lang='lat' dir='ltr'>nostrum</span> <span class='ocrx_word' id='word_1_34' title='bbox 1094 774 1296 859; x_wconf 92' lang='lat' dir='ltr'>desumptum</span> <span class='ocrx_word' id='word_1_35' title='bbox 1334 794 1406 839; x_wconf 89' lang='lat' dir='ltr'>esse</span> 
     </span>
     <span class='ocr_line' id='line_1_6' title="bbox 180 880 1407 966; baseline -0.002 -20"><span class='ocrx_word' id='word_1_36' title='bbox 180 887 319 965; x_wconf 89' lang='lat' dir='ltr'>constet,</span> <span class='ocrx_word' id='word_1_37' title='bbox 353 881 497 964; x_wconf 90' lang='lat' dir='ltr'>sequitur</span> <span class='ocrx_word' id='word_1_38' title='bbox 524 880 570 945; x_wconf 94' lang='lat' dir='ltr'>ibi</span> <span class='ocrx_word' id='word_1_39' title='bbox 599 900 672 945; x_wconf 89' lang='lat' dir='ltr'>eum</span> <span class='ocrx_word' id='word_1_40' title='bbox 696 880 736 945; x_wconf 98' lang='lat' dir='ltr'>de</span> <span class='ocrx_word' id='word_1_41' title='bbox 760 880 1050 948; x_wconf 85' lang='lat' dir='ltr'>declamationibus</span> <span class='ocrx_word' id='word_1_42' title='bbox 1073 881 1120 946; x_wconf 87' lang='lat' dir='ltr'>ita</span> <span class='ocrx_word' id='word_1_43' title='bbox 1144 881 1344 966; x_wconf 84' lang='lat' dir='ltr'>exposuisse,</span> <span class='ocrx_word' id='word_1_44' title='bbox 1372 887 1407 945; x_wconf 94' lang='lat' dir='ltr'>ut</span> 
     </span>
     <span class='ocr_line' id='line_1_7' title="bbox 180 987 1408 1074; baseline -0.001 -20"><span class='ocrx_word' id='word_1_45' title='bbox 180 1009 225 1054; x_wconf 90' lang='lat' dir='ltr'>ex</span> <span class='ocrx_word' id='word_1_46' title='bbox 247 1008 373 1074; x_wconf 87' lang='lat' dir='ltr'>praua</span> <span class='ocrx_word' id='word_1_47' title='bbox 401 987 618 1053; x_wconf 90' lang='lat' dir='ltr'>scholarum</span> <span class='ocrx_word' id='word_1_48' title='bbox 647 987 879 1053; x_wconf 90' lang='lat' dir='ltr'>condicione</span> <span class='ocrx_word' id='word_1_49' title='bbox 907 1010 1017 1054; x_wconf 87' lang='lat' dir='ltr'>unam</span> <span class='ocrx_word' id='word_1_50' title='bbox 1041 989 1178 1054; x_wconf 85' lang='lat' dir='ltr'>saltem</span> <span class='ocrx_word' id='word_1_51' title='bbox 1202 995 1408 1073; x_wconf 89' lang='lat' dir='ltr'>corruptae</span> 
     </span>
     <span class='ocr_line' id='line_1_8' title="bbox 181 1096 803 1181; baseline -0.002 -18"><span class='ocrx_word' id='word_1_52' title='bbox 181 1096 432 1180; x_wconf 86' lang='lat' dir='ltr'>eloquentiae</span> <span class='ocrx_word' id='word_1_53' title='bbox 456 1115 609 1162; x_wconf 88' lang='lat' dir='ltr'>oausam</span> <span class='ocrx_word' id='word_1_54' title='bbox 633 1101 803 1181; x_wconf 83' lang='lat' dir='ltr'>repeteret.</span> 
     </span>
    </p>

    <p class='ocr_par' dir='ltr' id='par_1_4' title="bbox 180 1202 1410 1933">
     <span class='ocr_line' id='line_1_9' title="bbox 268 1202 1407 1287; baseline 0 -19"><span class='ocrx_word' id='word_1_55' title='bbox 268 1205 350 1268; x_wconf 92' lang='lat' dir='ltr'>Item</span> <span class='ocrx_word' id='word_1_56' title='bbox 377 1202 533 1287; x_wconf 90' lang='lat' dir='ltr'>uidemus,</span> <span class='ocrx_word' id='word_1_57' title='bbox 566 1203 657 1269; x_wconf 89' lang='lat' dir='ltr'>cuius</span> <span class='ocrx_word' id='word_1_58' title='bbox 685 1203 757 1268; x_wconf 92' lang='lat' dir='ltr'>uitii</span> <span class='ocrx_word' id='word_1_59' title='bbox 786 1211 903 1287; x_wconf 89' lang='lat' dir='ltr'>arguat</span> <span class='ocrx_word' id='word_1_60' title='bbox 930 1204 1035 1270; x_wconf 89' lang='lat' dir='ltr'>falsae</span> <span class='ocrx_word' id='word_1_61' title='bbox 1063 1203 1235 1269; x_wconf 86' lang='lat' dir='ltr'>facundiae</span> <span class='ocrx_word' id='word_1_62' title='bbox 1259 1209 1407 1269; x_wconf 87' lang='lat' dir='ltr'>auctores</span> 
     </span>
     <span class='ocr_line' id='line_1_10' title="bbox 181 1310 1409 1394; baseline -0.001 -18"><span class='ocrx_word' id='word_1_63' title='bbox 181 1316 213 1376; x_wconf 89' lang='lat' dir='ltr'>et</span> <span class='ocrx_word' id='word_1_64' title='bbox 241 1310 401 1377; x_wconf 89' lang='lat' dir='ltr'>adseclas.</span> <span class='ocrx_word' id='word_1_65' title='bbox 448 1310 604 1375; x_wconf 90' lang='lat' dir='ltr'>infitiatur</span> <span class='ocrx_word' id='word_1_66' title='bbox 632 1310 716 1376; x_wconf 93' lang='lat' dir='ltr'>enim</span> <span class='ocrx_word' id='word_1_67' title='bbox 740 1311 1041 1394; x_wconf 87' lang='lat' dir='ltr'>argumentandi</span> <span class='ocrx_word' id='word_1_68' title='bbox 1065 1311 1146 1378; x_wconf 87' lang='lat' dir='ltr'>satis</span> <span class='ocrx_word' id='word_1_69' title='bbox 1171 1331 1227 1377; x_wconf 89' lang='lat' dir='ltr'>eos</span> <span class='ocrx_word' id='word_1_70' title='bbox 1255 1311 1409 1377; x_wconf 88' lang='lat' dir='ltr'>habuisse</span> 
     </span>
     <span class='ocr_line' id='line_1_11' title="bbox 180 1417 1410 1503; baseline 0 -22"><span class='ocrx_word' id='word_1_71' title='bbox 180 1418 346 1484; x_wconf 90' lang='lat' dir='ltr'>rationem.</span> <span class='ocrx_word' id='word_1_72' title='bbox 393 1419 458 1483; x_wconf 88' lang='lat' dir='ltr'>iam</span> <span class='ocrx_word' id='word_1_73' title='bbox 486 1437 563 1483; x_wconf 92' lang='lat' dir='ltr'>uero</span> <span class='ocrx_word' id='word_1_74' title='bbox 592 1417 646 1501; x_wconf 93' lang='lat' dir='ltr'>qui</span> <span class='ocrx_word' id='word_1_75' title='bbox 676 1425 867 1500; x_wconf 90' lang='lat' dir='ltr'>argumenta</span> <span class='ocrx_word' id='word_1_76' title='bbox 891 1439 954 1484; x_wconf 94' lang='lat' dir='ltr'>non</span> <span class='ocrx_word' id='word_1_77' title='bbox 978 1425 1077 1503; x_wconf 86' lang='lat' dir='ltr'>curat,</span> <span class='ocrx_word' id='word_1_78' title='bbox 1109 1439 1174 1484; x_wconf 95' lang='lat' dir='ltr'>non</span> <span class='ocrx_word' id='word_1_79' title='bbox 1197 1417 1255 1483; x_wconf 90' lang='lat' dir='ltr'>dat</span> <span class='ocrx_word' id='word_1_80' title='bbox 1278 1438 1410 1503; x_wconf 91' lang='lat' dir='ltr'>operam</span> 
     </span>
     <span class='ocr_line' id='line_1_12' title="bbox 181 1524 1410 1610; baseline -0.002 -20"><span class='ocrx_word' id='word_1_81' title='bbox 181 1546 277 1606; x_wconf 88' lang='lat' dir='ltr'>quam</span> <span class='ocrx_word' id='word_1_82' title='bbox 301 1524 398 1591; x_wconf 88' lang='lat' dir='ltr'>debet</span> <span class='ocrx_word' id='word_1_83' title='bbox 421 1525 614 1591; x_wconf 92' lang='lat' dir='ltr'>inuentioni:</span> <span class='ocrx_word' id='word_1_84' title='bbox 639 1545 716 1608; x_wconf 89' lang='lat' dir='ltr'>ergo</span> <span class='ocrx_word' id='word_1_85' title='bbox 730 1525 877 1609; x_wconf 82' lang='lat' dir='ltr'>neglegit</span> <span class='ocrx_word' id='word_1_86' title='bbox 894 1546 956 1592; x_wconf 92' lang='lat' dir='ltr'>res</span> <span class='ocrx_word' id='word_1_87' title='bbox 978 1526 1018 1592; x_wconf 93' lang='lat' dir='ltr'>de</span> <span class='ocrx_word' id='word_1_88' title='bbox 1034 1526 1149 1610; x_wconf 89' lang='lat' dir='ltr'>quibus</span> <span class='ocrx_word' id='word_1_89' title='bbox 1164 1533 1214 1592; x_wconf 98' lang='grc' dir='ltr'>θεῖ</span> <span class='ocrx_word' id='word_1_90' title='bbox 1230 1524 1410 1599; x_wconf 83' lang='lat' dir='ltr'>dicendum,</span> 
     </span>
     <span class='ocr_line' id='line_1_13' title="bbox 180 1632 1408 1710; baseline 0.001 -15"><span class='ocrx_word' id='word_1_91' title='bbox 180 1652 232 1699; x_wconf 89' lang='lat' dir='ltr'>res</span> <span class='ocrx_word' id='word_1_92' title='bbox 266 1640 374 1699; x_wconf 91' lang='lat' dir='ltr'>autem</span> <span class='ocrx_word' id='word_1_93' title='bbox 407 1632 625 1710; x_wconf 81' lang='lat' dir='ltr'>Quintilianus</span> <span class='ocrx_word' id='word_1_94' title='bbox 658 1640 769 1700; x_wconf 90' lang='lat' dir='ltr'>censet</span> <span class='ocrx_word' id='word_1_95' title='bbox 800 1654 917 1700; x_wconf 92' lang='lat' dir='ltr'>neruos</span> <span class='ocrx_word' id='word_1_96' title='bbox 952 1655 1025 1700; x_wconf 92' lang='lat' dir='ltr'>esse</span> <span class='ocrx_word' id='word_1_97' title='bbox 1054 1654 1232 1700; x_wconf 90' lang='lat' dir='ltr'>causarum.</span> <span class='ocrx_word' id='word_1_98' title='bbox 1279 1633 1314 1698; x_wconf 92' lang='lat' dir='ltr'>cf</span> <span class='ocrx_word' id='word_1_99' title='bbox 1332 1633 1408 1698; x_wconf 82' lang='lat' dir='ltr'>VIII</span> 
     </span>
     <span class='ocr_line' id='line_1_14' title="bbox 180 1740 1408 1825; baseline 0 -20"><span class='ocrx_word' id='word_1_100' title='bbox 180 1761 311 1825; x_wconf 91' lang='lat' dir='ltr'>prooem</span> <span class='ocrx_word' id='word_1_101' title='bbox 335 1745 355 1822; x_wconf 65' lang='grc' dir='ltr'>ξ</span> <span class='ocrx_word' id='word_1_102' title='bbox 382 1744 430 1807; x_wconf 88' lang='grc'>18.</span> <span class='ocrx_word' id='word_1_103' title='bbox 476 1741 586 1824; x_wconf 89' lang='lat' dir='ltr'>itaque</span> <span class='ocrx_word' id='word_1_104' title='bbox 610 1740 665 1823; x_wconf 94' lang='lat' dir='ltr'>qui</span> <span class='ocrx_word' id='word_1_105' title='bbox 692 1740 742 1807; x_wconf 88' lang='lat' dir='ltr'>his</span> <span class='ocrx_word' id='word_1_106' title='bbox 772 1747 883 1806; x_wconf 85' lang='lat' dir='ltr'>carent</span> <span class='ocrx_word' id='word_1_107' title='bbox 911 1762 967 1807; x_wconf 92' lang='lat' dir='ltr'>eos</span> <span class='ocrx_word' id='word_1_108' title='bbox 996 1741 1075 1807; x_wconf 91' lang='lat' dir='ltr'>dicit</span> <span class='ocrx_word' id='word_1_109' title='bbox 1105 1761 1215 1807; x_wconf 88' lang='lat' dir='ltr'>carere</span> <span class='ocrx_word' id='word_1_110' title='bbox 1239 1740 1408 1806; x_wconf 88' lang='lat' dir='ltr'>uirilitate:</span> 
     </span>
     <span class='ocr_line' id='line_1_15' title="bbox 181 1847 1200 1933; baseline 0.001 -21"><span class='ocrx_word' id='word_1_111' title='bbox 181 1848 266 1914; x_wconf 92' lang='lat' dir='ltr'>unde</span> <span class='ocrx_word' id='word_1_112' title='bbox 289 1855 359 1914; x_wconf 89' lang='lat' dir='ltr'>tota</span> <span class='ocrx_word' id='word_1_113' title='bbox 381 1847 473 1913; x_wconf 89' lang='lat' dir='ltr'>fluxit</span> <span class='ocrx_word' id='word_1_114' title='bbox 497 1854 717 1932; x_wconf 90' lang='lat' dir='ltr'>corruptorum</span> <span class='ocrx_word' id='word_1_115' title='bbox 742 1867 813 1912; x_wconf 92' lang='lat' dir='ltr'>cum</span> <span class='ocrx_word' id='word_1_116' title='bbox 837 1847 1036 1933; x_wconf 91' lang='lat' dir='ltr'>spadonibus</span> <span class='ocrx_word' id='word_1_117' title='bbox 1061 1848 1200 1913; x_wconf 89' lang='lat' dir='ltr'>collatio.</span> 
     </span>
    </p>

    <p class='ocr_par' dir='ltr' id='par_1_5' title="bbox 181 1953 1412 4504">
     <span class='ocr_line' id='line_1_16' title="bbox 273 1953 1410 2042; baseline -0.001 -21"><span class='ocrx_word' id='word_1_118' title='bbox 273 1954 307 2042; x_wconf 84' lang='lat'>2)</span> <span class='ocrx_word' id='word_1_119' title='bbox 339 1954 427 2020; x_wconf 92' lang='lat' dir='ltr'>Loco</span> <span class='ocrx_word' id='word_1_120' title='bbox 451 1953 562 2019; x_wconf 92' lang='lat' dir='ltr'>adlato</span> <span class='ocrx_word' id='word_1_121' title='bbox 588 1954 690 2019; x_wconf 91' lang='lat' dir='ltr'>altero</span> <span class='ocrx_word' id='word_1_122' title='bbox 715 1953 867 2019; x_wconf 88' lang='lat' dir='ltr'>docemur</span> <span class='ocrx_word' id='word_1_123' title='bbox 890 1962 1050 2019; x_wconf 89' lang='lat' dir='ltr'>oratorem</span> <span class='ocrx_word' id='word_1_124' title='bbox 1074 1954 1107 2019; x_wconf 94' lang='lat' dir='ltr'>in</span> <span class='ocrx_word' id='word_1_125' title='bbox 1130 1954 1211 2021; x_wconf 93' lang='lat' dir='ltr'>libro</span> <span class='ocrx_word' id='word_1_126' title='bbox 1237 1954 1277 2020; x_wconf 90' lang='lat' dir='ltr'>de</span> <span class='ocrx_word' id='word_1_127' title='bbox 1301 1954 1410 2020; x_wconf 90' lang='lat' dir='ltr'>causis</span> 
     </span>
     <span class='ocr_line' id='line_1_17' title="bbox 182 2060 1410 2145; baseline -0.002 -17"><span class='ocrx_word' id='word_1_128' title='bbox 182 2061 252 2129; x_wconf 92' lang='lat' dir='ltr'>siue</span> <span class='ocrx_word' id='word_1_129' title='bbox 276 2061 426 2144; x_wconf 82' lang='lat' dir='ltr'>attigisse</span> <span class='ocrx_word' id='word_1_130' title='bbox 451 2061 521 2127; x_wconf 92' lang='lat' dir='ltr'>siue</span> <span class='ocrx_word' id='word_1_131' title='bbox 544 2060 686 2127; x_wconf 92' lang='lat' dir='ltr'>mouisse</span> <span class='ocrx_word' id='word_1_132' title='bbox 710 2061 933 2144; x_wconf 88' lang='lat' dir='ltr'>quaestionem</span> <span class='ocrx_word' id='word_1_133' title='bbox 957 2081 1040 2145; x_wconf 88' lang='lat' dir='ltr'>quae</span> <span class='ocrx_word' id='word_1_134' title='bbox 1064 2060 1160 2126; x_wconf 88' lang='lat' dir='ltr'>fuerit</span> <span class='ocrx_word' id='word_1_135' title='bbox 1189 2060 1229 2127; x_wconf 95' lang='lat' dir='ltr'>de</span> <span class='ocrx_word' id='word_1_136' title='bbox 1253 2061 1410 2144; x_wconf 90' lang='lat' dir='ltr'>origine</span> 
     </span>
     <span class='ocr_line' id='line_1_18' title="bbox 182 2168 1410 2254; baseline 0.001 -21"><span class='ocrx_word' id='word_1_137' title='bbox 182 2168 461 2235; x_wconf 88' lang='lat' dir='ltr'>declamationum.</span> <span class='ocrx_word' id='word_1_138' title='bbox 513 2168 600 2252; x_wconf 93' lang='lat' dir='ltr'>quod</span> <span class='ocrx_word' id='word_1_139' title='bbox 632 2168 677 2234; x_wconf 91' lang='lat' dir='ltr'>ibi</span> <span class='ocrx_word' id='word_1_140' title='bbox 710 2168 878 2234; x_wconf 89' lang='lat' dir='ltr'>confessus</span> <span class='ocrx_word' id='word_1_141' title='bbox 911 2176 994 2254; x_wconf 89' lang='lat' dir='ltr'>erat,</span> <span class='ocrx_word' id='word_1_142' title='bbox 1031 2168 1083 2234; x_wconf 92' lang='lat' dir='ltr'>hio</span> <span class='ocrx_word' id='word_1_143' title='bbox 1115 2169 1248 2254; x_wconf 89' lang='lat' dir='ltr'>repetit:</span> <span class='ocrx_word' id='word_1_144' title='bbox 1286 2169 1410 2235; x_wconf 89' lang='lat' dir='ltr'>nescire</span> 
     </span>
     <span class='ocr_line' id='line_1_19' title="bbox 182 2275 1410 2362; baseline 0.001 -21"><span class='ocrx_word' id='word_1_145' title='bbox 182 2276 266 2341; x_wconf 90' lang='lat' dir='ltr'>enim</span> <span class='ocrx_word' id='word_1_146' title='bbox 291 2297 326 2342; x_wconf 92' lang='lat' dir='ltr'>se</span> <span class='ocrx_word' id='word_1_147' title='bbox 350 2275 436 2361; x_wconf 88' lang='lat' dir='ltr'>dicit,</span> <span class='ocrx_word' id='word_1_148' title='bbox 467 2282 571 2341; x_wconf 92' lang='lat' dir='ltr'>utrum</span> <span class='ocrx_word' id='word_1_149' title='bbox 599 2276 820 2342; x_wconf 90' lang='lat' dir='ltr'>Demetrius</span> <span class='ocrx_word' id='word_1_150' title='bbox 843 2276 1069 2362; x_wconf 84' lang='lat' dir='ltr'>Phalereus,</span> <span class='ocrx_word' id='word_1_151' title='bbox 1099 2276 1189 2342; x_wconf 89' lang='lat' dir='ltr'>cuius</span> <span class='ocrx_word' id='word_1_152' title='bbox 1213 2276 1410 2362; x_wconf 89' lang='lat' dir='ltr'>temporibus</span> 
     </span>
     <span class='ocr_line' id='line_1_20' title="bbox 181 2382 1410 2468; baseline 0.001 -21"><span class='ocrx_word' id='word_1_153' title='bbox 181 2383 258 2448; x_wconf 88' lang='lat' dir='ltr'>illae</span> <span class='ocrx_word' id='word_1_154' title='bbox 291 2383 540 2450; x_wconf 87' lang='lat' dir='ltr'>exercitationes</span> <span class='ocrx_word' id='word_1_155' title='bbox 572 2383 671 2449; x_wconf 88' lang='lat' dir='ltr'>moris</span> <span class='ocrx_word' id='word_1_156' title='bbox 704 2383 822 2449; x_wconf 82' lang='lat' dir='ltr'>Graeci</span> <span class='ocrx_word' id='word_1_157' title='bbox 856 2383 920 2449; x_wconf 92' lang='lat' dir='ltr'>sint</span> <span class='ocrx_word' id='word_1_158' title='bbox 950 2382 1066 2468; x_wconf 86' lang='lat' dir='ltr'>factae,</span> <span class='ocrx_word' id='word_1_159' title='bbox 1100 2404 1157 2450; x_wconf 89' lang='lat' dir='ltr'>eas</span> <span class='ocrx_word' id='word_1_160' title='bbox 1186 2384 1344 2450; x_wconf 90' lang='lat' dir='ltr'>inuenerit</span> <span class='ocrx_word' id='word_1_161' title='bbox 1368 2404 1410 2448; x_wconf 94' lang='lat' dir='ltr'>an</span> 
     </span>
     <span class='ocr_line' id='line_1_21' title="bbox 182 2490 1410 2577; baseline 0 -22"><span class='ocrx_word' id='word_1_162' title='bbox 182 2490 266 2556; x_wconf 87' lang='lat' dir='ltr'>alius</span> <span class='ocrx_word' id='word_1_163' title='bbox 290 2491 469 2575; x_wconf 89' lang='lat' dir='ltr'>quisquam.</span> <span class='ocrx_word' id='word_1_164' title='bbox 516 2490 633 2574; x_wconf 93' lang='lat' dir='ltr'>quodsi</span> <span class='ocrx_word' id='word_1_165' title='bbox 660 2490 694 2556; x_wconf 92' lang='lat' dir='ltr'>in</span> <span class='ocrx_word' id='word_1_166' title='bbox 721 2491 802 2556; x_wconf 93' lang='lat' dir='ltr'>libro</span> <span class='ocrx_word' id='word_1_167' title='bbox 830 2491 921 2556; x_wconf 91' lang='lat' dir='ltr'>illam</span> <span class='ocrx_word' id='word_1_168' title='bbox 951 2491 1173 2574; x_wconf 90' lang='lat' dir='ltr'>quaestionem</span> <span class='ocrx_word' id='word_1_169' title='bbox 1201 2491 1318 2557; x_wconf 92' lang='lat' dir='ltr'>leuiter</span> <span class='ocrx_word' id='word_1_170' title='bbox 1340 2511 1410 2577; x_wconf 91' lang='lat' dir='ltr'>per-</span> 
     </span>
     <span class='ocr_line' id='line_1_22' title="bbox 183 2596 1410 2683; baseline 0 -19"><span class='ocrx_word' id='word_1_171' title='bbox 183 2598 319 2683; x_wconf 88' lang='lat' dir='ltr'>strinxit,</span> <span class='ocrx_word' id='word_1_172' title='bbox 354 2619 394 2664; x_wconf 92' lang='lat' dir='ltr'>ex</span> <span class='ocrx_word' id='word_1_173' title='bbox 426 2598 589 2665; x_wconf 91' lang='lat' dir='ltr'>mentione</span> <span class='ocrx_word' id='word_1_174' title='bbox 620 2597 771 2663; x_wconf 91' lang='lat' dir='ltr'>Phalerei</span> <span class='ocrx_word' id='word_1_175' title='bbox 803 2596 883 2662; x_wconf 94' lang='lat' dir='ltr'>nihil</span> <span class='ocrx_word' id='word_1_176' title='bbox 916 2598 992 2663; x_wconf 87' lang='lat' dir='ltr'>lieet</span> <span class='ocrx_word' id='word_1_177' title='bbox 1025 2597 1187 2681; x_wconf 88' lang='lat' dir='ltr'>colligere.</span> <span class='ocrx_word' id='word_1_178' title='bbox 1247 2599 1297 2664; x_wconf 94' lang='lat' dir='ltr'>sin</span> <span class='ocrx_word' id='word_1_179' title='bbox 1333 2618 1410 2664; x_wconf 94' lang='lat' dir='ltr'>uero</span> 
     </span>
     <span class='ocr_line' id='line_1_23' title="bbox 182 2703 1410 2791; baseline -0.001 -21"><span class='ocrx_word' id='word_1_180' title='bbox 182 2706 280 2791; x_wconf 92' lang='lat' dir='ltr'>paulo</span> <span class='ocrx_word' id='word_1_181' title='bbox 309 2705 407 2771; x_wconf 91' lang='lat' dir='ltr'>altius</span> <span class='ocrx_word' id='word_1_182' title='bbox 434 2705 468 2770; x_wconf 96' lang='lat' dir='ltr'>in</span> <span class='ocrx_word' id='word_1_183' title='bbox 495 2725 562 2770; x_wconf 90' lang='lat' dir='ltr'>rem</span> <span class='ocrx_word' id='word_1_184' title='bbox 590 2703 765 2789; x_wconf 91' lang='lat' dir='ltr'>inquisiuit,</span> <span class='ocrx_word' id='word_1_185' title='bbox 798 2725 862 2769; x_wconf 93' lang='lat' dir='ltr'>non</span> <span class='ocrx_word' id='word_1_186' title='bbox 891 2704 1104 2789; x_wconf 88' lang='lat' dir='ltr'>improbabile</span> <span class='ocrx_word' id='word_1_187' title='bbox 1128 2704 1233 2771; x_wconf 90' lang='lat' dir='ltr'>estin</span> <span class='ocrx_word' id='word_1_188' title='bbox 1256 2704 1314 2769; x_wconf 93' lang='lat' dir='ltr'>illa</span> <span class='ocrx_word' id='word_1_189' title='bbox 1337 2704 1410 2769; x_wconf 91' lang='lat' dir='ltr'>libri</span> 
     </span>
     <span class='ocr_line' id='line_1_24' title="bbox 182 2810 1410 2899; baseline -0.002 -22"><span class='ocrx_word' id='word_1_190' title='bbox 182 2818 276 2899; x_wconf 88' lang='lat' dir='ltr'>parte</span> <span class='ocrx_word' id='word_1_191' title='bbox 309 2810 445 2878; x_wconf 84' lang='lat' dir='ltr'>infuisse</span> <span class='ocrx_word' id='word_1_192' title='bbox 481 2811 668 2877; x_wconf 87' lang='lat' dir='ltr'>memoriam</span> <span class='ocrx_word' id='word_1_193' title='bbox 706 2810 953 2878; x_wconf 85' lang='lat' dir='ltr'>declamationis</span> <span class='ocrx_word' id='word_1_194' title='bbox 991 2811 1104 2879; x_wconf 89' lang='lat' dir='ltr'>eodem</span> <span class='ocrx_word' id='word_1_195' title='bbox 1142 2811 1238 2876; x_wconf 94' lang='lat' dir='ltr'>modo</span> <span class='ocrx_word' id='word_1_196' title='bbox 1269 2810 1410 2877; x_wconf 90' lang='lat' dir='ltr'>breuiter</span> 
     </span>
     <span class='ocr_line' id='line_1_25' title="bbox 183 2918 1410 3004; baseline -0.002 -19"><span class='ocrx_word' id='word_1_197' title='bbox 183 2927 374 3004; x_wconf 87' lang='lat' dir='ltr'>enarratam,</span> <span class='ocrx_word' id='word_1_198' title='bbox 407 2939 469 3002; x_wconf 95' lang='lat' dir='ltr'>quo</span> <span class='ocrx_word' id='word_1_199' title='bbox 494 2918 734 2985; x_wconf 92' lang='lat' dir='ltr'>Institutionum</span> <span class='ocrx_word' id='word_1_200' title='bbox 770 2919 816 2983; x_wconf 94' lang='lat' dir='ltr'>VI</span> <span class='ocrx_word' id='word_1_201' title='bbox 843 2925 857 2984; x_wconf 91' lang='lat' dir='ltr'>l</span> <span class='ocrx_word' id='word_1_202' title='bbox 887 2919 1077 3004; x_wconf 90' lang='lat' dir='ltr'>rhetorices,</span> <span class='ocrx_word' id='word_1_203' title='bbox 1113 2919 1145 2983; x_wconf 92' lang='lat' dir='ltr'>X</span> <span class='ocrx_word' id='word_1_204' title='bbox 1177 2921 1193 2984; x_wconf 95' lang='lat'>1</span> <span class='ocrx_word' id='word_1_205' title='bbox 1232 2918 1410 2984; x_wconf 88' lang='lat' dir='ltr'>litterarum</span> 
     </span>
     <span class='ocr_line' id='line_1_26' title="bbox 183 3025 1410 3111; baseline -0.004 -18"><span class='ocrx_word' id='word_1_206' title='bbox 183 3027 381 3093; x_wconf 85' lang='lat' dir='ltr'>Graecarum</span> <span class='ocrx_word' id='word_1_207' title='bbox 414 3032 445 3091; x_wconf 90' lang='lat' dir='ltr'>et</span> <span class='ocrx_word' id='word_1_208' title='bbox 472 3027 688 3091; x_wconf 86' lang='lat' dir='ltr'>Romanarum</span> <span class='ocrx_word' id='word_1_209' title='bbox 720 3025 874 3092; x_wconf 90' lang='lat' dir='ltr'>memoria</span> <span class='ocrx_word' id='word_1_210' title='bbox 906 3025 1193 3111; x_wconf 89' lang='lat' dir='ltr'>comprehenditur.</span> <span class='ocrx_word' id='word_1_211' title='bbox 1248 3025 1306 3091; x_wconf 93' lang='lat' dir='ltr'>sed</span> <span class='ocrx_word' id='word_1_212' title='bbox 1339 3045 1410 3090; x_wconf 93' lang='lat' dir='ltr'>cum</span> 
     </span>
     <span class='ocr_line' id='line_1_27' title="bbox 183 3131 1410 3218; baseline -0.003 -17"><span class='ocrx_word' id='word_1_213' title='bbox 183 3134 283 3201; x_wconf 88' lang='lat' dir='ltr'>statui</span> <span class='ocrx_word' id='word_1_214' title='bbox 314 3139 467 3217; x_wconf 88' lang='lat' dir='ltr'>nequeat,</span> <span class='ocrx_word' id='word_1_215' title='bbox 505 3132 625 3198; x_wconf 89' lang='lat' dir='ltr'>datane</span> <span class='ocrx_word' id='word_1_216' title='bbox 657 3153 757 3218; x_wconf 90' lang='lat' dir='ltr'>opera</span> <span class='ocrx_word' id='word_1_217' title='bbox 785 3133 888 3217; x_wconf 85' lang='lat' dir='ltr'>egerit</span> <span class='ocrx_word' id='word_1_218' title='bbox 917 3133 957 3198; x_wconf 90' lang='lat' dir='ltr'>de</span> <span class='ocrx_word' id='word_1_219' title='bbox 985 3132 1257 3198; x_wconf 89' lang='lat' dir='ltr'>declamationum</span> <span class='ocrx_word' id='word_1_220' title='bbox 1286 3131 1410 3215; x_wconf 90' lang='lat' dir='ltr'>origine</span> 
     </span>
     <span class='ocr_line' id='line_1_28' title="bbox 183 3239 1410 3325; baseline -0.003 -17"><span class='ocrx_word' id='word_1_221' title='bbox 183 3261 293 3325; x_wconf 88' lang='lat' dir='ltr'>necne,</span> <span class='ocrx_word' id='word_1_222' title='bbox 316 3261 358 3306; x_wconf 90' lang='lat' dir='ltr'>ne</span> <span class='ocrx_word' id='word_1_223' title='bbox 382 3240 567 3306; x_wconf 89' lang='lat' dir='ltr'>coniectura</span> <span class='ocrx_word' id='word_1_224' title='bbox 591 3239 720 3323; x_wconf 91' lang='lat' dir='ltr'>quidem</span> <span class='ocrx_word' id='word_1_225' title='bbox 743 3240 800 3305; x_wconf 90' lang='lat' dir='ltr'>illa</span> <span class='ocrx_word' id='word_1_226' title='bbox 824 3239 1031 3306; x_wconf 90' lang='lat' dir='ltr'>fundamento</span> <span class='ocrx_word' id='word_1_227' title='bbox 1055 3241 1175 3305; x_wconf 93' lang='lat' dir='ltr'>nititur.</span> <span class='ocrx_word' id='word_1_228' title='bbox 1199 3277 1242 3287; x_wconf 87' lang='lat'>—</span> <span class='ocrx_word' id='word_1_229' title='bbox 1266 3239 1410 3304; x_wconf 88' lang='lat' dir='ltr'>animad-</span> 
     </span>
     <span class='ocr_line' id='line_1_29' title="bbox 182 3346 1411 3430; baseline -0.002 -16"><span class='ocrx_word' id='word_1_230' title='bbox 182 3348 373 3415; x_wconf 89' lang='lat' dir='ltr'>uertendum</span> <span class='ocrx_word' id='word_1_231' title='bbox 396 3353 446 3414; x_wconf 94' lang='grc' dir='ltr'>θεῖ</span> <span class='ocrx_word' id='word_1_232' title='bbox 469 3368 541 3413; x_wconf 92' lang='lat' dir='ltr'>cunr</span> <span class='ocrx_word' id='word_1_233' title='bbox 564 3347 612 3412; x_wconf 91' lang='lat' dir='ltr'>eis</span> <span class='ocrx_word' id='word_1_234' title='bbox 636 3367 719 3430; x_wconf 90' lang='lat' dir='ltr'>quae</span> <span class='ocrx_word' id='word_1_235' title='bbox 736 3346 765 3424; x_wconf 78' lang='lat' dir='ltr'>Q</span> <span class='ocrx_word' id='word_1_236' title='bbox 783 3346 882 3413; x_wconf 88' lang='lat' dir='ltr'>refert</span> <span class='ocrx_word' id='word_1_237' title='bbox 896 3347 937 3413; x_wconf 92' lang='lat' dir='ltr'>de</span> <span class='ocrx_word' id='word_1_238' title='bbox 951 3347 1117 3413; x_wconf 92' lang='lat' dir='ltr'>Demetrio</span> <span class='ocrx_word' id='word_1_239' title='bbox 1132 3347 1214 3414; x_wconf 87' lang='lat' dir='ltr'>satis</span> <span class='ocrx_word' id='word_1_240' title='bbox 1229 3347 1411 3413; x_wconf 91' lang='lat' dir='ltr'>consentire</span> 
     </span>
     <span class='ocr_line' id='line_1_30' title="bbox 184 3453 1410 3539; baseline -0.003 -16"><span class='ocrx_word' id='word_1_241' title='bbox 184 3456 413 3523; x_wconf 78' lang='lat' dir='ltr'>Ciceronem.</span> <span class='ocrx_word' id='word_1_242' title='bbox 437 3455 465 3520; x_wconf 89' lang='lat' dir='ltr'>is</span> <span class='ocrx_word' id='word_1_243' title='bbox 490 3454 574 3519; x_wconf 88' lang='lat' dir='ltr'>enim</span> <span class='ocrx_word' id='word_1_244' title='bbox 595 3453 674 3520; x_wconf 86' lang='lat' dir='ltr'>Orat</span> <span class='ocrx_word' id='word_1_245' title='bbox 689 3456 731 3522; x_wconf 82' lang='lat'>95</span> <span class='ocrx_word' id='word_1_246' title='bbox 754 3455 836 3520; x_wconf 89' lang='lat' dir='ltr'>haec</span> <span class='ocrx_word' id='word_1_247' title='bbox 860 3454 952 3520; x_wconf 91' lang='lat' dir='ltr'>dicit:</span> <span class='ocrx_word' id='word_1_248' title='bbox 977 3455 1086 3520; x_wconf 89' lang='lat' dir='ltr'>laetae</span> <span class='ocrx_word' id='word_1_249' title='bbox 1110 3454 1321 3539; x_wconf 90' lang='lat' dir='ltr'>eruditaeque</span> <span class='ocrx_word' id='word_1_250' title='bbox 1345 3454 1410 3520; x_wconf 93' lang='lat' dir='ltr'>dis-</span> 
     </span>
     <span class='ocr_line' id='line_1_31' title="bbox 183 3561 1410 3650; baseline -0.004 -21"><span class='ocrx_word' id='word_1_251' title='bbox 183 3563 369 3650; x_wconf 88' lang='lat' dir='ltr'>putationes</span> <span class='ocrx_word' id='word_1_252' title='bbox 397 3562 439 3627; x_wconf 88' lang='lat' dir='ltr'>ab</span> <span class='ocrx_word' id='word_1_253' title='bbox 468 3561 582 3627; x_wconf 85' lang='lat' dir='ltr'>eodem</span> <span class='ocrx_word' id='word_1_254' title='bbox 611 3561 813 3647; x_wconf 89' lang='lat' dir='ltr'>explicantur·</span> <span class='ocrx_word' id='word_1_255' title='bbox 841 3567 873 3626; x_wconf 93' lang='lat' dir='ltr'>et</span> <span class='ocrx_word' id='word_1_256' title='bbox 901 3561 976 3627; x_wconf 92' lang='lat' dir='ltr'>loei</span> <span class='ocrx_word' id='word_1_257' title='bbox 1001 3582 1220 3628; x_wconf 88' lang='lat' dir='ltr'>communes</span> <span class='ocrx_word' id='word_1_258' title='bbox 1245 3562 1314 3628; x_wconf 91' lang='lat' dir='ltr'>sine</span> <span class='ocrx_word' id='word_1_259' title='bbox 1338 3581 1410 3626; x_wconf 92' lang='lat' dir='ltr'>oon-</span> 
     </span>
     <span class='ocr_line' id='line_1_32' title="bbox 183 3668 1410 3754; baseline -0.005 -17"><span class='ocrx_word' id='word_1_260' title='bbox 183 3671 325 3737; x_wconf 90' lang='lat' dir='ltr'>tentione</span> <span class='ocrx_word' id='word_1_261' title='bbox 350 3669 507 3735; x_wconf 88' lang='lat' dir='ltr'>dicuntur.</span> <span class='ocrx_word' id='word_1_262' title='bbox 554 3688 737 3735; x_wconf 88' lang='lat' dir='ltr'>communes</span> <span class='ocrx_word' id='word_1_263' title='bbox 761 3676 869 3734; x_wconf 90' lang='lat' dir='ltr'>autem</span> <span class='ocrx_word' id='word_1_264' title='bbox 892 3668 964 3754; x_wconf 89' lang='lat' dir='ltr'>loci,</span> <span class='ocrx_word' id='word_1_265' title='bbox 987 3669 1109 3735; x_wconf 82' lang='lat' dir='ltr'>Fabius</span> <span class='ocrx_word' id='word_1_266' title='bbox 1132 3668 1236 3752; x_wconf 92' lang='lat' dir='ltr'>inquit</span> <span class='ocrx_word' id='word_1_267' title='bbox 1258 3669 1335 3751; x_wconf 78' lang='lat'>114,</span> <span class='ocrx_word' id='word_1_268' title='bbox 1359 3669 1410 3751; x_wconf 75' lang='lat'>22,</span> 
     </span>
     <span class='ocr_line' id='line_1_33' title="bbox 183 3774 1411 3861; baseline -0.006 -16"><span class='ocrx_word' id='word_1_269' title='bbox 183 3799 316 3847; x_wconf 85' lang='lat' dir='ltr'>....cx</span> <span class='ocrx_word' id='word_1_270' title='bbox 339 3776 457 3842; x_wconf 89' lang='lat' dir='ltr'>mediis</span> <span class='ocrx_word' id='word_1_271' title='bbox 482 3782 556 3842; x_wconf 91' lang='lat' dir='ltr'>sunt</span> <span class='ocrx_word' id='word_1_272' title='bbox 579 3775 718 3860; x_wconf 91' lang='lat' dir='ltr'>iudiciis,</span> <span class='ocrx_word' id='word_1_273' title='bbox 743 3781 775 3842; x_wconf 90' lang='lat' dir='ltr'>et</span> <span class='ocrx_word' id='word_1_274' title='bbox 798 3775 826 3841; x_wconf 93' lang='lat' dir='ltr'>si</span> <span class='ocrx_word' id='word_1_275' title='bbox 841 3797 931 3842; x_wconf 91' lang='lat' dir='ltr'>reum</span> <span class='ocrx_word' id='word_1_276' title='bbox 946 3776 1080 3861; x_wconf 87' lang='lat' dir='ltr'>adicias,</span> <span class='ocrx_word' id='word_1_277' title='bbox 1105 3774 1339 3840; x_wconf 88' lang='lat' dir='ltr'>accusationes.</span> <span class='ocrx_word' id='word_1_278' title='bbox 1379 3781 1411 3838; x_wconf 91' lang='lat' dir='ltr'>et</span> 
     </span>
     <span class='ocr_line' id='line_1_34' title="bbox 182 3880 1410 3970; baseline -0.004 -19"><span class='ocrx_word' id='word_1_279' title='bbox 182 3887 215 3951; x_wconf 93' lang='grc' dir='ltr'>Π</span> <span class='ocrx_word' id='word_1_280' title='bbox 237 3890 262 3970; x_wconf 86' lang='grc'>1,</span> <span class='ocrx_word' id='word_1_281' title='bbox 285 3889 324 3951; x_wconf 94' lang='grc'>11</span> <span class='ocrx_word' id='word_1_282' title='bbox 341 3906 379 3966; x_wconf 92' lang='lat' dir='ltr'>sq</span> <span class='ocrx_word' id='word_1_283' title='bbox 403 3884 491 3969; x_wconf 91' lang='lat' dir='ltr'>apud</span> <span class='ocrx_word' id='word_1_284' title='bbox 506 3884 642 3950; x_wconf 89' lang='lat' dir='ltr'>eundem</span> <span class='ocrx_word' id='word_1_285' title='bbox 656 3883 738 3948; x_wconf 90' lang='lat' dir='ltr'>haec</span> <span class='ocrx_word' id='word_1_286' title='bbox 752 3883 970 3949; x_wconf 90' lang='lat' dir='ltr'>inueniuntur:</span> <span class='ocrx_word' id='word_1_287' title='bbox 995 3903 1058 3947; x_wconf 94' lang='lat' dir='ltr'>non</span> <span class='ocrx_word' id='word_1_288' title='bbox 1073 3900 1256 3947; x_wconf 88' lang='lat' dir='ltr'>communes</span> <span class='ocrx_word' id='word_1_289' title='bbox 1276 3880 1339 3946; x_wconf 93' lang='lat' dir='ltr'>loci</span> <span class='ocrx_word' id='word_1_290' title='bbox 1359 3931 1410 3947; x_wconf 93' lang='lat'>...</span> 
     </span>
     <span class='ocr_line' id='line_1_35' title="bbox 184 3987 1411 4078; baseline -0.005 -19"><span class='ocrx_word' id='word_1_291' title='bbox 184 3999 216 4059; x_wconf 90' lang='lat' dir='ltr'>et</span> <span class='ocrx_word' id='word_1_292' title='bbox 238 4013 296 4078; x_wconf 93' lang='lat' dir='ltr'>pro</span> <span class='ocrx_word' id='word_1_293' title='bbox 326 3991 463 4058; x_wconf 91' lang='lat' dir='ltr'>testibus</span> <span class='ocrx_word' id='word_1_294' title='bbox 488 4000 520 4058; x_wconf 91' lang='lat' dir='ltr'>et</span> <span class='ocrx_word' id='word_1_295' title='bbox 551 3993 584 4057; x_wconf 93' lang='lat' dir='ltr'>in</span> <span class='ocrx_word' id='word_1_296' title='bbox 608 3998 709 4057; x_wconf 91' lang='lat' dir='ltr'>testes</span> <span class='ocrx_word' id='word_1_297' title='bbox 742 3991 775 4055; x_wconf 93' lang='lat' dir='ltr'>in</span> <span class='ocrx_word' id='word_1_298' title='bbox 805 3991 947 4057; x_wconf 90' lang='lat' dir='ltr'>mediis</span> <span class='ocrx_word' id='word_1_299' title='bbox 974 3989 1105 4055; x_wconf 92' lang='lat' dir='ltr'>litium</span> <span class='ocrx_word' id='word_1_300' title='bbox 1128 3987 1313 4055; x_wconf 89' lang='lat' dir='ltr'>medullis</span> <span class='ocrx_word' id='word_1_301' title='bbox 1341 4009 1411 4054; x_wconf 90' lang='lat' dir='ltr'>uer-</span> 
     </span>
     <span class='ocr_line' id='line_1_36' title="bbox 184 4095 1412 4182; baseline -0.004 -15"><span class='ocrx_word' id='word_1_302' title='bbox 184 4099 316 4167; x_wconf 84' lang='lat' dir='ltr'>santur?</span> <span class='ocrx_word' id='word_1_303' title='bbox 363 4120 454 4164; x_wconf 91' lang='lat' dir='ltr'>arma</span> <span class='ocrx_word' id='word_1_304' title='bbox 478 4105 551 4165; x_wconf 90' lang='lat' dir='ltr'>sunt</span> <span class='ocrx_word' id='word_1_305' title='bbox 578 4099 660 4164; x_wconf 90' lang='lat' dir='ltr'>haec</span> <span class='ocrx_word' id='word_1_306' title='bbox 688 4097 924 4181; x_wconf 89' lang='lat' dir='ltr'>quodammodo</span> <span class='ocrx_word' id='word_1_307' title='bbox 952 4095 1180 4182; x_wconf 87' lang='lat' dir='ltr'>praeparanda</span> <span class='ocrx_word' id='word_1_308' title='bbox 1209 4115 1345 4181; x_wconf 88' lang='lat' dir='ltr'>semper,</span> <span class='ocrx_word' id='word_1_309' title='bbox 1377 4104 1412 4162; x_wconf 91' lang='lat' dir='ltr'>ut</span> 
     </span>
     <span class='ocr_line' id='line_1_37' title="bbox 183 4203 1410 4292; baseline -0.005 -20"><span class='ocrx_word' id='word_1_310' title='bbox 183 4207 233 4291; x_wconf 90' lang='lat' dir='ltr'>iis,</span> <span class='ocrx_word' id='word_1_311' title='bbox 261 4227 333 4272; x_wconf 92' lang='lat' dir='ltr'>cum</span> <span class='ocrx_word' id='word_1_312' title='bbox 355 4228 408 4273; x_wconf 90' lang='lat' dir='ltr'>res</span> <span class='ocrx_word' id='word_1_313' title='bbox 431 4212 555 4292; x_wconf 88' lang='lat' dir='ltr'>poseat,</span> <span class='ocrx_word' id='word_1_314' title='bbox 579 4213 679 4272; x_wconf 89' lang='lat' dir='ltr'>utare.</span> <span class='ocrx_word' id='word_1_315' title='bbox 724 4204 799 4270; x_wconf 87' lang='lat' dir='ltr'>hine</span> <span class='ocrx_word' id='word_1_316' title='bbox 832 4211 969 4291; x_wconf 92' lang='lat' dir='ltr'>apparet</span> <span class='ocrx_word' id='word_1_317' title='bbox 997 4205 1038 4270; x_wconf 91' lang='lat' dir='ltr'>ab</span> <span class='ocrx_word' id='word_1_318' title='bbox 1067 4203 1191 4286; x_wconf 88' lang='lat' dir='ltr'>eisqui</span> <span class='ocrx_word' id='word_1_319' title='bbox 1213 4203 1304 4270; x_wconf 88' lang='lat' dir='ltr'>locos</span> <span class='ocrx_word' id='word_1_320' title='bbox 1328 4225 1410 4269; x_wconf 91' lang='lat' dir='ltr'>oom-</span> 
     </span>
     <span class='ocr_line' id='line_1_38' title="bbox 183 4310 1412 4398; baseline -0.005 -20"><span class='ocrx_word' id='word_1_321' title='bbox 183 4334 295 4380; x_wconf 92' lang='lat' dir='ltr'>munes</span> <span class='ocrx_word' id='word_1_322' title='bbox 319 4320 466 4398; x_wconf 90' lang='lat' dir='ltr'>tractent,</span> <span class='ocrx_word' id='word_1_323' title='bbox 490 4312 710 4380; x_wconf 89' lang='lat' dir='ltr'>declamari.</span> <span class='ocrx_word' id='word_1_324' title='bbox 757 4333 833 4396; x_wconf 90' lang='lat' dir='ltr'>ergo</span> <span class='ocrx_word' id='word_1_325' title='bbox 858 4313 922 4376; x_wconf 90' lang='lat' dir='ltr'>iam</span> <span class='ocrx_word' id='word_1_326' title='bbox 942 4311 1054 4378; x_wconf 80' lang='lat' dir='ltr'>Cicero</span> <span class='ocrx_word' id='word_1_327' title='bbox 1079 4310 1187 4394; x_wconf 88' lang='lat' dir='ltr'>aliquo</span> <span class='ocrx_word' id='word_1_328' title='bbox 1211 4311 1306 4377; x_wconf 93' lang='lat' dir='ltr'>modo</span> <span class='ocrx_word' id='word_1_329' title='bbox 1332 4310 1412 4374; x_wconf 85' lang='lat' dir='ltr'>dixit</span> 
     </span>
     <span class='ocr_line' id='line_1_39' title="bbox 184 4416 1411 4504; baseline -0.002 -19"><span class='ocrx_word' id='word_1_330' title='bbox 184 4420 439 4487; x_wconf 86' lang='lat' dir='ltr'>declamationes</span> <span class='ocrx_word' id='word_1_331' title='bbox 462 4421 619 4504; x_wconf 88' lang='lat' dir='ltr'>originem</span> <span class='ocrx_word' id='word_1_332' title='bbox 643 4421 760 4487; x_wconf 88' lang='lat' dir='ltr'>ducere</span> <span class='ocrx_word' id='word_1_333' title='bbox 782 4442 803 4485; x_wconf 92' lang='lat' dir='ltr'>a</span> <span class='ocrx_word' id='word_1_334' title='bbox 822 4419 1021 4485; x_wconf 85' lang='lat' dir='ltr'>Phalereo.</span> <span class='ocrx_word' id='word_1_335' title='bbox 1059 4438 1142 4501; x_wconf 92' lang='lat' dir='ltr'>quae</span> <span class='ocrx_word' id='word_1_336' title='bbox 1166 4425 1216 4485; x_wconf 89' lang='lat' dir='ltr'>est</span> <span class='ocrx_word' id='word_1_337' title='bbox 1237 4438 1291 4484; x_wconf 89' lang='lat' dir='ltr'>res</span> <span class='ocrx_word' id='word_1_338' title='bbox 1314 4416 1411 4483; x_wconf 91' lang='lat' dir='ltr'>ualde</span> 
     </span>
    </p>
   </div>
   <div class='ocr_carea' id='block_1_3' title="bbox 186 4525 1411 4612">
    <p class='ocr_par' dir='ltr' id='par_1_6' title="bbox 186 4525 1411 4612">
     <span class='ocr_line' id='line_1_40' title="bbox 186 4525 1411 4612; baseline -0.003 -19"><span class='ocrx_word' id='word_1_339' title='bbox 186 4528 415 4595; x_wconf 86' lang='lat' dir='ltr'>memorabilis.</span> <span class='ocrx_word' id='word_1_340' title='bbox 477 4530 510 4593; x_wconf 91' lang='lat' dir='ltr'>cf</span> <span class='ocrx_word' id='word_1_341' title='bbox 543 4528 568 4592; x_wconf 85' lang='lat' dir='ltr'>F</span> <span class='ocrx_word' id='word_1_342' title='bbox 604 4528 732 4612; x_wconf 87' lang='lat' dir='ltr'>Blass,</span> <span class='ocrx_word' id='word_1_343' title='bbox 778 4528 807 4592; x_wconf 86' lang='lat' dir='ltr'>D</span> <span class='ocrx_word' id='word_1_344' title='bbox 844 4525 955 4610; x_wconf 91' lang='lat' dir='ltr'>griech</span> <span class='ocrx_word' id='word_1_345' title='bbox 990 4525 1239 4593; x_wconf 88' lang='lat' dir='ltr'>Beredsamkeit</span> <span class='ocrx_word' id='word_1_346' title='bbox 1270 4545 1291 4589; x_wconf 95' lang='lat' dir='ltr'>u</span> <span class='ocrx_word' id='word_1_347' title='bbox 1328 4544 1344 4590; x_wconf 89' lang='lat' dir='ltr'>s</span> <span class='ocrx_word' id='word_1_348' title='bbox 1380 4546 1411 4590; x_wconf 86' lang='lat' dir='ltr'><strong>w</strong></span> 
     </span>
    </p>
   </div>
   <div class='ocr_carea' id='block_1_4' title="bbox 0 0 1574 4942">
    <p class='ocr_par' dir='ltr' id='par_1_7' title="bbox 0 0 1574 4942">
     <span class='ocr_line' id='line_1_41' title="bbox 0 0 1574 4942; baseline 0 0"><span class='ocrx_word' id='word_1_349' title='bbox 0 0 1574 4942; x_wconf 95' lang='lat' dir='ltr'> </span> 
     </span>
    </p>
   </div>
  </div>
 </body>
</html>
