3128 4942
774 280 816 347 61

689 368 900 379 --—-.—

271 472 361 540 Haec
374 473 555 540 Woelfflini
578 475 726 558 quamuis
741 476 822 542 scite
837 476 901 542 sint
916 475 1110 561 excogitata,
1134 483 1244 542 tamen
1256 467 1405 563 pugnant

183 602 254 646 cum
277 583 372 649 rebus
396 581 437 647 de
461 582 577 666 quibus
601 582 683 649 satis
708 590 795 649 certe
819 589 961 650 statuere
984 583 1069 651 lieet.

270 691 318 755 Ac
350 690 487 775 primum
520 689 649 773 quidem
683 690 747 775 ille,
781 690 946 776 expressis
979 691 1087 757 uerbis
1121 691 1183 757 etsi
1215 712 1279 757 non
1316 691 1404 779 dicit,

181 796 309 863 uidetur
345 804 454 862 tamen
486 798 654 882 putauisse
689 804 720 863 et
751 796 927 881 Dialogum
956 803 987 863 et
1019 797 1061 863 de
1090 798 1199 866 causis
1227 799 1343 865 librum
1365 820 1404 866 eo

180 911 323 990 tempore
352 905 504 972 emissum
531 925 605 972 esse
632 924 695 988 quo
724 903 942 982 Quintilianus
969 904 1164 989 professoris
1196 925 1327 983 munere
1361 908 1405 973 sit

180 1011 317 1079 fimctus.
361 1012 456 1078 Fabii
484 1018 592 1078 autem
614 1012 730 1077 librum
754 1011 875 1078 editum
899 1031 980 1096 csse,
1009 1018 1214 1097 postquam
1236 1012 1265 1079 is
1288 1033 1325 1080 se
1348 1015 1403 1080 ab·

180 1119 339 1186 dioauerit
362 1119 511 1207 negotiis,
545 1119 653 1206 capite
674 1119 820 1204 proximo
844 1117 1115 1186 demonstrabam.
1162 1119 1302 1186 sedilia
1325 1127 1403 1187 tem-

178 1246 292 1312 porum
316 1228 512 1312 computatio
536 1235 573 1293 ut
595 1233 646 1294 661
669 1247 799 1312 anceps,
827 1226 861 1292 id
885 1226 954 1292 uiro
978 1225 1074 1293 docto
1097 1226 1282 1313 largiamur,
1309 1249 1401 1315 prae·

179 1334 290 1400 sertim
314 1355 386 1399 cum
408 1334 578 1419 probabile
601 1334 645 1401 sit
667 1332 859 1418 adgressum
882 1353 956 1400 esse
971 1333 1107 1400 Fabium
1126 1333 1170 1400 ad
1183 1334 1274 1402 illum
1287 1335 1403 1403 librum

179 1440 382 1508 scribendum
406 1440 474 1507 fere
497 1460 581 1506 anno
605 1444 658 1508 88.
706 1440 793 1526 (ofp
817 1439 884 1525 51).

268 1546 334 1613 Sed
357 1545 448 1613 aliud
471 1546 626 1633 deinceps
650 1552 701 1614 est
722 1547 756 1612 in
779 1567 842 1629 quo
862 1547 968 1613 aueri
982 1547 1191 1615 similitudine
1204 1548 1261 1615 ille
1275 1551 1403 1618 uidetur

178 1656 356 1720 aberrasse.
394 1654 491 1720 sumit
514 1653 599 1720 enim
616 1653 793 1737 Dialogum
817 1673 891 1720 esse
915 1653 1035 1720 editum
1059 1660 1149 1721 aute
1172 1655 1288 1722 librum
1304 1655 1401 1734 Quin-

177 1761 290 1826 tiliani.
353 1760 439 1844 quod
472 1761 500 1828 si
533 1761 602 1827 iure
635 1760 739 1846 sumit,
771 1759 932 1843 Dialogus
964 1766 1017 1828 661
1048 1761 1186 1828 emissus
1222 1762 1402 1848 imperante

176 1867 371 1934 Domitiano.
419 1867 477 1934 sed
496 1868 629 1954 plurimi
653 1889 693 1934 ex
717 1867 765 1934 eis
789 1866 844 1950 qui
868 1867 909 1933 de
932 1867 995 1934 hac
1017 1888 1052 1934 re
1076 1867 1282 1954 disputarunt
1305 1871 1401 1954 eique

175 1975 361 2058 grauissimi
394 1975 506 2041 arbitri
539 1976 629 2042 uelut
655 1975 832 2058 'Largius
864 1975 1142 2060 Nipperdeyus
1175 1977 1400 2046 Huebnerus

175 2081 225 2169 (cf
244 2082 539 2149 Gruenwaldum
561 2082 610 2148 ld
632 2084 713 2168 p4b
728 2081 780 2166 sq)
804 2089 997 2149 censuerunt
1021 2083 1149 2149 omnino
1173 2090 1248 2150 ante
1270 2085 1400 2154 Neruae

175 2189 343 2274 imperium
366 2188 542 2273 quidquam
563 2189 714 2254 aTacito
739 2189 767 2255 si
791 2189 1012 2274 compositum,
1037 2196 1071 2256 at
1094 2211 1158 2256 non
1182 2190 1302 2258 editum
1317 2213 1400 2260 esse.

176 2295 262 2377 quod
286 2294 416 2378 quidem
439 2295 480 2362 de
504 2296 621 2363 ceteris
650 2294 779 2380 scriptis
803 2315 862 2381 per
891 2316 927 2362 se
955 2297 1161 2382 intellegitur,
1194 2298 1235 2364 de
1258 2300 1399 2384 Dialogo

174 2410 282 2469 autem
310 2421 374 2466 non
402 2402 560 2468 immerito
589 2402 741 2469 statuitur
771 2409 953 2487 propterea,
987 2404 1074 2487 quod
1105 2405 1138 2469 in
1166 2425 1213 2488 eo,
1245 2412 1281 2471 ut
1312 2414 1400 2474 recte

174 2508 403 2575 animaduertit
416 2509 680 2594 Woelfflinus,
704 2508 745 2576 de
764 2511 861 2576 rebus
883 2510 1022 2595 publicis
1046 2510 1178 2578 liberius
1193 2525 1226 2578 et
1241 2511 1399 2580 audacius

175 2617 354 2703 explicatur
386 2637 484 2702 quam
515 2617 585 2684 fieri
617 2617 722 2703 potuit
755 2617 825 2684 sine
858 2617 1036 2686 offensione
1068 2619 1257 2686 Domitiani.
1309 2622 1400 2703 atqui

174 2745 258 2808 quae
281 2725 366 2790 hunc
389 2724 558 2792 laederent
580 2726 764 2811 periculosa
788 2723 916 2792 fuerunt
939 2725 988 2791 illi
1011 2726 1065 2810 qui
1088 2727 1282 2813 protulerat:
1312 2728 1399 2811 quod

173 2832 292 2918 optime
325 2832 479 2899 discimus
503 2832 587 2897 Iunii
617 2832 742 2899 Rustici
775 2833 933 2919 exemplo.
979 2854 1057 2918 ergo
1082 2835 1110 2901 si
1133 2834 1400 2902 Woelfflinum

173 2939 343 3024 sequimur,
376 2938 556 3004 mirandum
589 2929 640 3005 est
672 2937 758 3020 quod
795 2939 876 3004 iram
912 2940 1068 3025 principis
1102 2940 1236 3008 Tacitus
1269 2941 1399 3008 fortuna

172 3046 312 3128 quadam
340 3045 484 3112 secunda
512 3044 670 3128 effugerit.
719 3043 778 3111 sed
809 3044 954 3129 profecto
982 3067 1047 3112 non
1074 3046 1230 3114 habemus
1264 3070 1320 3115 our
1352 3050 1398 3115 in-

172 3153 269 3217 solita
300 3153 334 3219 in
365 3152 539 3237 Agricolae
572 3172 726 3236 generum
759 3152 930 3218 clementia
962 3152 1054 3219 illum
1087 3153 1189 3222 luisse
1222 3155 1397 3241 opinemur.

172 3279 272 3340 quare
298 3259 401 3325 satius
425 3259 486 3325 erit
510 3247 550 3327 ex
574 3279 622 3344 eo,
645 3258 732 3344 quod
747 3259 880 3326 Tacitus
903 3280 968 3326 non
982 3261 1026 3327 sit
1039 3261 1179 3348 punitus,
1204 3263 1396 3330 concludere

171 3365 345 3449 Dialogum
368 3373 459 3451 post
481 3367 660 3433 Domitiani
683 3373 824 3433 aetatem
849 3366 970 3433 editum
993 3389 1076 3436 6666.
1186 3421 1190 3429 .

259 3490 431 3556 Sufficiunt
457 3492 548 3575 haec,
577 3497 612 3557 ut
640 3513 713 3558 mea
742 3492 872 3575 quidem
895 3492 958 3559 fert
981 3493 1099 3578 opinio,
1128 3494 1172 3559 ad
1199 3495 1397 3562 reiciendum

170 3597 388 3664 Woelfflini
412 3598 614 3664 sententiam.
665 3598 723 3664 sed
751 3619 808 3665 cur
831 3619 903 3664 eam
926 3599 1116 3683 improbem,
1145 3601 1276 3683 grauior
1299 3603 1396 3667 etiam

168 3706 246 3771 mihi
278 3725 380 3771 causa
408 3711 466 3771 661.
511 3705 606 3770 homo
635 3703 750 3771 doctus
778 3726 875 3790 quam
907 3705 981 3771 libri
1014 3706 1055 3772 de
1083 3707 1193 3773 causis
1219 3707 1395 3792 imaginem

168 3815 275 3880 animo
322 3812 530 3878 informauit‘?
590 3811 677 3894 quod
714 3812 882 3878 consilium
920 3811 1138 3889 Quintilianus
1176 3814 1232 3880 illo
1270 3815 1396 3882 edendo

169 3928 298 3988 secutus
333 3940 406 3987 esse
440 3920 470 3986 ei
502 3918 653 3985 uidetur?
708 3919 896 4004 composuit,
933 3920 1047 4005 inquit,
1080 3927 1115 3986 ut
1145 3922 1311 4006 professor
1343 3923 1395 3987 cui

169 4026 293 4093 Caesar
317 4028 471 4094 salarium
494 4027 695 4111 persolueret
719 4033 751 4093 et
775 4033 809 4092 ut
832 4026 925 4092 homo
950 4027 1005 4109 qui
1027 4027 1061 4092 in
1082 4027 1196 4095 domus
1212 4029 1395 4095 Caesareae

166 4134 288 4199 lubrico
312 4135 497 4218 pauimento
521 4155 593 4200 cum
616 4132 762 4200 sollertia
785 4143 984 4200 uersaretur:
1016 4135 1237 4220 componendo
1261 4135 1295 4201 id
1319 4137 1395 4221 egit,

165 4384 235 4439 Hofe
254 4383 368 4437 Anstosu
388 4386 494 4452 erregte
518 4384 575 4438 und
593 4384 641 4438 der
658 4401 722 4438 vom
740 4382 837 4438 Kaiser
861 4384 1027 4453 angestellte
1045 4384 1181 4439 Professor
1200 4385 1256 4439 und
1275 4385 1393 4455 Diplo·

165 4476 234 4528 mat
253 4473 335 4541 (unde
353 4472 405 4527 hoc
424 4472 486 4526 Tibi
505 4471 654 4541 desumis‘?)
674 4490 702 4527 es
721 4473 766 4527 fiir
783 4472 865 4542 ndtig
882 4473 956 4539 iand,
977 4475 1034 4530 sich
1054 4475 1095 4529 als
1114 4475 1215 4529 Lehrer
1233 4475 1280 4529 des
1299 4475 1321 4528 Τ
1341 4476 1393 4531 den

165 4562 278 4618 Riiclren
297 4581 330 4616 nu
349 4562 453 4617 decken
472 4578 527 4630 eqs.
603 4602 612 4610 ..
