3128 4942
765 235 809 303 53

173 433 300 489 uenisse?
337 434 410 502 quod
422 451 477 503 quo
490 434 570 488 modo
589 434 681 503 potuit
700 433 757 488 fieri
776 433 830 488 nisi
842 433 963 489 editione
981 433 1104 504 partium
1119 432 1194 488 facta
1208 429 1399 500 singularum?

174 551 208 562 -
227 540 301 589 sane,
319 523 363 578 ita
381 527 434 578 est:
459 522 563 593 duplici
581 523 661 578 modo
679 523 824 579 institutio
843 524 873 578 in
891 523 1034 593 publicum
1052 521 1163 578 uidetur
1181 519 1324 591 prodiisse:
1344 536 1400 574 uno

173 630 229 682 quo
247 630 327 668 nemo
346 613 400 666 nisi
419 612 542 667 Vitorius
565 615 594 667 et
616 612 731 668 fortasse
753 613 835 683 pauci
859 612 941 668 amici
964 612 1044 667 fruiti
1066 611 1131 677 sint,
1155 610 1243 666 altero
1267 625 1322 677 quo
1340 607 1400 663 eius

172 703 306 774 legendae
338 701 464 758 omnibus
488 703 645 771 quicunque
666 702 806 758 uoluerint
828 705 950 772 potestas
972 702 1010 757 sit
1033 703 1200 771 comparata
1237 698 1311 769 prior
1333 714 1399 753 uero

172 792 326 864 prodeundi
342 792 439 846 modus
459 792 625 848 editionis
644 792 755 848 nomine
768 810 823 847 uon
837 795 910 847 recte
924 792 1070 857 indicatur,
1090 790 1225 859 quianon
1239 805 1288 858 per
1301 786 1398 843 biblio·

171 883 266 952 polam
289 882 386 938 effecta
404 886 454 948 est,
482 882 589 937 sedita
610 882 675 948 fere,
702 885 735 938 ut
758 882 947 949 Quintilianus
972 898 1043 951 quae
1065 881 1101 936 ad
1118 881 1206 935 linem
1228 877 1399 949 perduxisset

172 973 281 1028 Vitorio
300 973 417 1041 aliisque
439 972 624 1028 familiaribus
642 972 775 1028 mitteret.
811 975 874 1042 post
893 975 988 1027 autem
1005 987 1099 1026 omnes
1121 969 1186 1024 libri
1204 969 1288 1024 simul
1306 966 1399 1022 emissi

172 1064 245 1128 sunt,
265 1065 294 1117 ct
311 1062 342 1116 in
359 1062 412 1118 hac
430 1079 459 1117 re
476 1061 643 1132 bibliopolae
661 1078 745 1131 opera
762 1064 854 1117 orator
872 1063 914 1117 est
932 1079 1005 1116 usus.
1033 1063 1118 1129 atque
1137 1077 1200 1114 cum
1218 1058 1257 1113 eis
1275 1075 1347 1127 quae
1365 1056 1398 1135 de

171 1151 279 1206 ratione
310 1169 366 1220 qua
393 1168 460 1221 opus
487 1150 616 1206 uideatur
647 1151 779 1221 prodiisse
810 1151 959 1207 statuimus
991 1151 1095 1220 optime
1127 1148 1296 1205 conueniunt
1327 1163 1399 1215 quae

171 1245 283 1298 exstant
309 1241 339 1295 in
366 1241 502 1310 epistulae
530 1241 565 1296 ad
593 1242 767 1311 Tryphonem
795 1241 941 1297 librarium
969 1241 1035 1296 data
1059 1241 1090 1308 §0
1112 1240 1139 1294 1:
1167 1236 1337 1309 efflagitasti,
1365 1238 1399 1290 ut
1463 1273 1468 1290 .

171 1331 277 1386 libros
296 1349 363 1400 quos
378 1330 413 1385 ad
426 1331 623 1386 Marcellum
641 1349 734 1386 meum
753 1331 786 1387 de
799 1331 977 1387 institutione
990 1331 1111 1386 oratoria
1129 1328 1328 1398 scripseram
1340 1325 1398 1380 iam

170 1421 298 1476 emittere
316 1419 472 1490 inciperem.
505 1420 590 1474 immo
608 1437 673 1475 uero
692 1421 716 1474 si
738 1422 812 1476 hunc
829 1421 920 1476 locum
938 1421 1070 1476 adcurate
1096 1421 1186 1476 essent
1213 1415 1398 1486 interpretati,
1467 1423 1469 1430 '

170 1510 228 1566 iam
246 1510 294 1565 diu
313 1513 451 1565 constaret
469 1509 542 1579 quod
561 1527 612 1580 ego
631 1508 904 1578 demonstrabam.⁸‘)

549 1725 700 1781 Excursus
719 1724 756 1780 ad
776 1725 868 1796 caput
888 1725 912 1782 V
931 1725 1023 1781 alter.

259 1851 353 1906 Liceat
379 1868 469 1920 pauca
499 1851 618 1921 proferre
646 1852 679 1906 de
709 1851 929 1908 emendandis
960 1851 1045 1906 locis
1077 1850 1206 1905 duobus
1237 1847 1322 1903 libri
1354 1847 1398 1902 VI

169 1940 219 2010 qui
236 1940 374 2011 prooemio
392 1941 476 2010 paulo
495 1944 560 1996 ante
580 1944 700 1998 tractato
719 1942 903 1998 continentur.

259 2031 411 2097 §denatat
429 2029 458 2084 in
473 2030 497 2084 A
511 2031 535 2086 G
549 2032 590 2087 M:
614 2050 690 2087 num
709 2032 820 2103 igitur
838 2033 1003 2103 optimum
1021 2031 1090 2087 fuit
1108 2030 1299 2086 infaustum
1317 2048 1398 2101 opus

80 2117 82 2121 ’
169 2123 204 2175 et
217 2120 454 2189 quidquidhoc
468 2124 518 2175 est
531 2121 566 2175 in
580 2139 628 2177 me
641 2122 836 2177 infelicium
847 2123 1052 2188 litterarum,
1067 2138 1167 2192 super
1180 2121 1398 2177 immaturum

168 2209 272 2265 funus
305 2211 556 2281 consumpturis
583 2212 718 2267 uiscera
748 2230 819 2267 mea
850 2213 998 2267 flammis
1025 2213 1152 2268 inicere
1179 2228 1286 2281 neque
1313 2211 1398 2266 hanc

169 2300 310 2371 impiam
332 2300 560 2356 uiuacitatem
577 2301 675 2355 nouis
693 2301 831 2372 insuper
849 2303 938 2357 curis
960 2302 1131 2372 fatigaret
1162 2319 1218 2370 eqs.
1254 2319 1398 2371 pronum

168 2391 198 2446 in
218 2390 235 2445 S
254 2390 358 2459 legitur
375 2408 475 2445 nunc:
496 2407 567 2458 quae
582 2392 624 2445 est
638 2391 720 2446 lectio
734 2391 860 2460 uulgata.
889 2410 921 2446 ac
934 2391 1040 2446 tradita
1053 2390 1136 2446 lectio
1149 2391 1214 2446 ferri
1228 2407 1283 2445 non
1297 2392 1397 2460 potest

168 2497 234 2534 uam
253 2479 407 2545 enuntiato,
426 2479 456 2533 in
475 2479 552 2535 cuius
570 2480 641 2535 illud
659 2480 741 2536 initio
755 2481 868 2550 legitur,
888 2480 1076 2548 Quintilianus
1094 2480 1263 2536 sententiam
1277 2478 1398 2533 indicare

169 2569 232 2623 uult
246 2569 273 2623 ei
286 2586 357 2636 quae
371 2569 543 2638 significatur
556 2569 695 2639 particula
708 2588 783 2624 num
796 2588 904 2640 prorsus
913 2570 1076 2640 oppositam.
1099 2572 1182 2639 putat
1191 2587 1219 2624 se
1228 2568 1352 2624 debuisse
1363 2568 1397 2623 ab

168 2659 243 2713 omni
262 2657 416 2712 studiorum
430 2676 496 2713 cura
510 2658 635 2713 animum
648 2677 789 2715 reuocare:
808 2660 882 2728 quod
894 2660 952 2730 ipse
965 2663 1089 2731 negaret,
1108 2659 1132 2713 si
1145 2659 1329 2729 interrogaret
1342 2657 1396 2712 ita:

168 2766 245 2801 num
259 2747 328 2801 mihi
342 2747 413 2801 illud
427 2748 583 2803 faciendum
596 2748 670 2804 fuit?
693 2749 761 2818 quid
775 2753 868 2806 autem
883 2750 991 2820 scripsit
1001 2751 1115 2806 auctor?
1136 2750 1275 2820 particula
1288 2748 1398 2819 igitur

168 2837 324 2892 ostenditur
337 2854 370 2891 ea
384 2854 455 2905 quae
468 2837 597 2892 dicantur
610 2839 662 2893 hoc
676 2840 820 2894 enuntiato
835 2840 912 2909 sequi
926 2857 959 2895 ex
970 2840 1009 2895 eis
1018 2857 1089 2908 quae
1100 2840 1176 2895 dicta
1185 2826 1397 2895 sint'enuntiato

168 2927 299 2996 proximo.
338 2927 379 2980 ait
398 2926 599 2993 Quintilianus:
624 2946 687 2983 cum
707 2932 818 2997 propter
835 2929 947 2984 deorum
966 2932 1062 2984 contra
1079 2947 1124 2984 me
1142 2930 1322 2994 iracundiam,
1342 2948 1398 2998 qua

168 3016 335 3070 inflammati
353 3015 443 3069 filium
462 3016 592 3070 maiorem
612 3017 682 3071 mihi
701 3017 868 3086 eripuerunt,
892 3019 985 3072 nullus
1003 3018 1033 3072 in
1052 3036 1096 3073 mc
1114 3018 1151 3073 sit
1170 3037 1242 3079 usus.
1261 3019 1398 3088 optimum

167 3105 222 3160 fuit
242 3135 266 3142 -
287 3123 342 3173 eqs.
379 3105 456 3159 cuius
475 3105 615 3160 enuntiati
633 3107 788 3161 membrum
802 3108 874 3175 quod
892 3107 992 3177 incipit
1010 3125 1120 3176 neque
1139 3108 1330 3164 coniunctione
1349 3126 1398 3179 per

169 3213 196 3248 sc
215 3194 395 3264 intellegitur,
425 3195 493 3263 quid
510 3212 574 3250 uero
593 3199 635 3250 est
652 3195 724 3249 illud
742 3196 814 3264 quod
832 3196 934 3251 dicitur
951 3196 1143 3252 infaustum
1163 3199 1261 3267 opus?
1293 3198 1397 3254 liberne

168 3284 201 3337 de
220 3283 308 3338 causis
332 3300 415 3351 quem
438 3284 519 3340 modo
543 3286 768 3341 commemorauit
796 3305 831 3341 an
858 3286 949 3356 ipsum
976 3287 1006 3341 id
1033 3306 1101 3358 opus
1125 3287 1160 3342 ad
1183 3288 1257 3357 quod
1283 3289 1397 3344 conscri-

168 3373 287 3427 bendum
315 3372 459 3442 adgressus
487 3375 549 3428 est?
600 3376 728 3444 equidem
755 3379 823 3446 puto
850 3377 1060 3432 Institutionem
1087 3378 1305 3447 intellegendam
1332 3396 1397 3434 csse.

168 3462 270 3516 etenim
289 3461 466 3516 enuntiatum
485 3463 560 3531 quod
579 3467 621 3518 est
639 3465 703 3520 inde
718 3484 821 3520 anum
836 3484 922 3534 usque
936 3467 972 3520 ad
985 3468 999 3520 f
1002 3466 1109 3521 erircr
1122 3467 1193 3520 nihil
1207 3484 1256 3537 per
1269 3485 1297 3522 se
1312 3469 1396 3534 ualet,

167 3552 214 3606 sed
233 3569 344 3606 causam
362 3552 460 3617 adfert,
492 3569 540 3606 cur
558 3553 748 3622 desperatione
766 3559 863 3626 captus
881 3555 997 3625 rogitet:
1027 3556 1095 3625 quid
1112 3575 1185 3611 nunc
1203 3558 1305 3627 agam?
1342 3575 1396 3628 eqs.

167 3640 263 3709 itaque
277 3640 395 3695 arbitror
409 3642 460 3696 hoc
472 3659 527 3697 uno
541 3643 687 3698 enuntiato
702 3661 765 3698 eum
779 3645 869 3700 redire
883 3645 920 3699 ad
932 3646 1067 3715 pristinae
1082 3646 1214 3716 temporis
1227 3647 1396 3711 memoriam,

167 3730 329 3799 praesertim
352 3748 414 3785 cum
437 3731 523 3785 etiam
542 3729 608 3798 §⁰4
633 3732 666 3787 de
684 3733 846 3789 calamitate
874 3753 930 3803 qua
953 3753 1027 3790 nunc
1050 3735 1175 3791 adflictus
1198 3736 1235 3792 sit
1258 3737 1396 3804 loquatur.

164 3838 214 3874 nec
231 3823 340 3890 pugnat
358 3838 419 3876 cum
439 3821 492 3874 bac
509 3821 649 3876 sententia
667 3821 738 3876 illud
752 3823 830 3879 fuit.
859 3842 925 3878 nam
943 3828 1016 3880 certe
1044 3825 1104 3880 iam
1123 3828 1165 3880 est
1183 3827 1307 3896 sepultus
1321 3824 1393 3879 filius

165 3912 226 3963 tum
245 3909 341 3964 debuit
359 3928 421 3964 cum
435 3908 491 3964 filio
511 3927 578 3979 opus
592 3911 755 3966 comburere.
794 3911 890 3981 itaque
909 3914 1103 3970 infaustum
1122 3933 1204 3985 opus
1226 3915 1298 3969 nihil
1321 3913 1398 3969 aliud

167 4000 209 4051 est
232 4016 317 4065 quam
334 3999 364 4052 id
382 3999 456 4066 quod
473 4002 606 4054 tenemus.
640 4000 697 4054 iam
716 4018 783 4055 ansa
801 4002 880 4057 nobis
904 4020 932 4058 se
956 4005 1070 4073 praebet
1093 4005 1265 4060 emendandi.
1307 4003 1396 4072 requi-

166 4085 250 4139 rimus
269 4087 344 4141 enim
361 4087 587 4144 terminationem
605 4106 661 4158 qua
679 4106 802 4159 expresse
821 4094 954 4161 tempus
980 4092 1117 4149 indicetur
1135 4113 1189 4163 quo
1209 4092 1396 4160 Quintilianus

258 4261 296 4326 a)
320 4264 530 4320 Prooemium
554 4267 627 4336 quod
650 4267 721 4324 falso
744 4268 809 4324 libri
832 4270 935 4340 primi
959 4289 1015 4328 esse
1038 4273 1140 4328 dicitur
1167 4273 1234 4329 toti
1257 4273 1333 4342 operi
1356 4275 1398 4328 est

167 4352 415 4423 praescribendum.
443 4358 517 4410 recto
536 4355 631 4412 ordine
649 4356 698 4426 qui
715 4360 807 4414 exstat
824 4359 854 4413 in
868 4361 904 4426 M,
920 4389 948 4399 —
960 4379 1026 4416 nam
1044 4362 1068 4416 A
1086 4361 1186 4432 incipit
1205 4380 1222 4416 a
1240 4363 1256 4430 ξ
1276 4361 1398 4428 5,—usi

166 4447 231 4498 sunt
249 4443 474 4509 Burmannus,
498 4445 678 4512 Gesnerus,
703 4446 940 4519 Spaldingius,
963 4454 1131 4506 recesserunt
1154 4452 1189 4507 ab
1208 4468 1240 4506 eo
1262 4453 1321 4506 sine
1339 4451 1398 4505 ulla

168 4551 253 4589 causa
272 4536 300 4588 et
318 4532 422 4590 iniuria
440 4534 636 4590 Bonnellius
656 4540 688 4591 et
707 4537 867 4592 Halmius.
