3128 4942
669 232 884 340 ji...

162 432 247 498 enim
279 434 320 499 ab
354 431 401 500 eis
433 453 506 499 6446
533 454 598 500 non
625 435 707 501 bene
735 441 828 502 scuta
860 432 891 524 [p
916 433 980 524 40}
1027 441 1124 520 atquc
1162 436 1279 503 insana
1310 437 1392 504 talia

162 541 327 627 sophistae
351 540 398 606 ita
422 541 571 607 solebant
594 542 746 628 proferre,
770 549 804 609 ut
829 543 870 609 de
894 544 1038 627 qualibet
1061 546 1158 611 reah
1183 544 1389 613 audientibus

160 648 328 734 proposita
352 670 392 714 ex
416 655 559 734 tempore
583 657 721 716 orarent.

249 755 301 820 Ad
325 776 482 821 summum
514 755 644 822 honoris
678 756 845 841 fastigium
877 778 935 843 per
968 758 1066 824 talem
1099 758 1285 824 facundiam
1316 782 1389 845 prc-

160 863 246 928 ucoti
270 870 345 928 sunt
367 864 526 930 Polemo
549 863 771 948 Laodicensis,
795 864 970 930 Herodes
994 866 1151 932 Atticus
1174 866 1391 953 Atheniensis,

160 971 294 1037 Aelius
317 970 515 1037 Aristides
538 970 729 1056 Mysustlb),
752 971 1002 1037 Phauorinus
1027 973 1235 1039 Arelatensis.
1282 994 1391 1056 quam-

161 1099 256 1161 quam
278 1078 331 1143 hic
359 1078 464 1161 magis
493 1077 576 1144 inter
604 1078 815 1163 philosophos
845 1084 895 1145 est
922 1079 1148 1145 numerandus.
1194 1100 1233 1145 44
1256 1081 1388 1147 Ρ4161114

161 1185 290 1268 quidem
313 1185 355 1250 ab
378 1183 546 1250 Hadriano
576 1185 722 1251 oratione
745 1185 939 1270 impetrauit,
968 1194 1002 1250 ut
1026 1187 1212 1271 Smyrnaeis
1236 1208 1387 1271 magnam

158 1292 329 1378 pecuniam
346 1290 553 1376 condonaret,
578 1312 642 1375 qua
661 1292 708 1356 illi
732 1292 886 1377 templum
901 1299 933 1358 et
948 1294 1152 1378 gymnasium
1175 1295 1388 1360 aedificarunt

160 1397 348 1486 [Philostrat
371 1421 392 1483 p
416 1397 481 1485 42}
528 1398 666 1464 eundem
693 1398 870 1484 imperator
898 1420 969 1465 cum
999 1400 1133 1467 Athenis
1162 1401 1254 1468 Jouis
1279 1401 1386 1487 Olym-

158 1506 224 1590 pici
257 1506 411 1590 templum
442 1504 644 1590 perfecisset,
676 1505 710 1569 in
738 1505 808 1571 eius
837 1505 992 1589 gradibus
1025 1506 1069 1571 ad
1097 1510 1250 1592 populum
1280 1509 1388 1577 dicere

159 1612 254 1679 iussit
279 1610 310 1699 [p
325 1609 391 1699 44}
419 1610 601 1677 Antoninus
625 1613 703 1678 Pius
727 1633 799 1677 cum
822 1613 979 1697 Smyrnae
1002 1613 1035 1678 in
1058 1614 1145 1680 illius
1170 1615 1264 1681 domo
1289 1623 1384 1683 noctu

160 1718 285 1785 deuerti
312 1720 420 1804 uellet,
449 1740 469 1783 4
500 1718 647 1804 sophista
675 1739 793 1803 magno
825 1720 965 1785 clamore
993 1721 1106 1804 pulsus
1135 1729 1185 1787 est
1216 1722 1256 1787 de
1279 1723 1387 1792 ianua.

160 1824 192 1913 [p
220 1829 275 1909 44,
304 1824 344 1913 5}
392 1846 452 1891 nec
479 1832 589 1892 tamen
617 1826 719 1892 iratus
748 1834 806 1892 est.
852 1826 968 1909 quodsi
997 1833 1121 1892 tantam
1152 1828 1303 1893 iniuriam
1332 1830 1388 1894 im·

157 1942 291 2020 perator
327 1955 391 2000 non
424 1941 475 2001 cst
506 1935 593 2000 ultus
626 1934 840 2001 admiratione
872 1935 1010 2002 rhetoris
1043 1942 1232 2022 commotus,
1271 1946 1390 2021 quanto

158 2050 293 2127 stupore
317 2050 502 2126 quantoque
526 2042 647 2126 gaudio
671 2043 703 2107 in
728 2042 797 2109 eius
820 2042 921 2109 labris
945 2042 1093 2110 haesisse
1116 2043 1235 2127 uulgus
1260 2050 1309 2111 est
1332 2065 1390 2129 pu-

156 2149 304 2214 tandum!
352 2148 440 2234 apud
470 2148 640 2233 Herodem,
675 2149 730 2231 qui
759 2149 883 2215 diuitiis
913 2150 979 2214 suis
1009 2150 1089 2216 artis
1122 2150 1259 2234 gloriam
1292 2151 1390 2237 aurit,

157 2256 333 2339 imperator
355 2255 483 2321 Marcus
507 2255 625 2320 litteris
650 2275 686 2321 se
710 2261 851 2339 excusat,
880 2256 966 2338 quod
991 2256 1021 2321 ei
1045 2256 1100 2321 diu
1128 2277 1192 2322 non
1221 2259 1387 2343 scripserit

160 2362 191 2450 [p
218 2361 280 2450 70}
327 2362 439 2428 Aelius
462 2362 667 2446 praeclarum
690 2361 780 2426 illum
806 2361 984 2447 principem
1009 2363 1154 2429 oratione
1178 2365 1323 2450 adduxit,
1352 2374 1386 2431 ut

158 2471 369 2555 Smyrnaeam
399 2469 572 2555 ciuitatem,
601 2470 691 2535 cuius
720 2469 796 2535 urbs
824 2475 931 2534 terrae
960 2490 1117 2536 concussu
1145 2491 1250 2556 paene
1279 2471 1387 2536 deleta

156 2578 229 2662 fuit,
262 2575 497 2642 condonatione
529 2575 619 2642 facta
651 2576 822 2642 adiuuaret
854 2573 886 2663 [p
918 2574 980 2664 87}
1038 2596 1077 2641 ac
1108 2597 1149 2642 ne
1180 2578 1214 2643 hi
1247 2577 1386 2666 quidem,

157 2685 211 2768 qui
238 2684 445 2751 illustrissimi
478 2684 582 2750 hahiti
615 2690 689 2751 sunt
721 2683 804 2750 inter
837 2683 1016 2768 sophistas,
1055 2684 1189 2749 meliora
1222 2685 1385 2751 sciuerunt

156 2792 299 2878 proferre
328 2812 424 2875 quam
457 2793 510 2874 qui
540 2812 596 2857 eos
624 2798 868 2858 antecesserant
895 2791 1044 2858 minores.
1095 2792 1226 2857 Polemo
1256 2791 1385 2876 quidem

156 2898 294 2963 traditur
317 2898 549 2963 aPhilostratc
571 2895 603 2984 [p
618 2895 673 2984 48}
699 2917 831 2963 causam
854 2897 988 2964 finxisse
1012 2918 1076 2980 qua
1089 2899 1325 2966 Demosthenes
1349 2921 1385 2967 46

156 3004 346 3072 defenderet
382 3010 494 3069 contra
531 3004 772 3070 accusationem
805 3004 1007 3088 corruptelae
1046 3025 1066 3068 a
1102 3025 1179 3087 rege
1212 3007 1385 3072 Persarum

156 3113 300 3179 44144446.
345 3112 433 3179 idem
460 3117 609 3176 narratur
636 3110 760 3178 dixisse
789 3110 830 3175 de
859 3111 955 3175 rebus
989 3129 1072 3193 quae
1105 3110 1138 3175 in
1170 3113 1255 3178 hello
1289 3113 1381 3178 Pelo·

156 3219 353 3305 ponnesiaco
377 3226 412 3284 ut
435 3219 506 3285 fieri
528 3224 711 3304 potuerant,
734 3218 782 3283 ita
804 3238 967 3301 nunquam
991 3225 1083 3284 erant
1107 3217 1271 3298 factae.‘¹³)

247 3431 302 3501 ⁴²¹³)
321 3432 456 3489 Aristides
471 3434 506 3488 ab
521 3434 617 3489 ceteris
631 3434 761 3503 sophistis
780 3450 812 3488 eo
826 3431 918 3487 differt
933 3433 1006 3501 quod
1020 3431 1132 3501 grauior
1146 3434 1175 3486 ct
1189 3433 1278 3487 multo
1292 3435 1383 3489 sanior

154 3523 210 3578 fuit
228 3526 327 3578 orator.
365 3523 399 3578 de
422 3541 478 3591 qua
500 3540 530 3577 re
553 3523 582 3577 of
596 3524 765 3578 Rohdium
787 3523 832 3577 Rh
850 3523 880 3577 M
898 3523 941 3588 41,
966 3541 984 3591 p
1007 3522 1153 3578 tao-189.
1190 3525 1286 3577 tamen
1307 3541 1342 3578 ne
1360 3524 1383 3578 is

156 3613 268 3682 quidem
287 3612 421 3667 Asianum
440 3616 577 3667 tumorem
600 3614 683 3682 plane
706 3613 819 3683 respuit.
862 3613 1010 3667 Isocratem
1034 3611 1145 3666 uidetur
1168 3612 1295 3668 imitatus
1317 3630 1382 3668 4444.

156 3703 185 3758 44
199 3702 241 3756 ld
260 3703 353 3771 p183.
377 3703 435 3756 188.
472 3701 695 3770 Baumgartio
718 3705 813 3757 41144111
836 3719 907 3770 quse
930 3701 1115 3770 sophistarum
1141 3701 1246 3756 fuerint
1273 3703 1384 3772 propria

155 3793 198 3846 ita
230 3791 391 3861 expressisse
420 3790 554 3845 Aristides
581 3791 693 3845 uidetur
720 3793 752 3845 ut
776 3807 809 3844 ex
832 3791 891 3846 eius
914 3789 1026 3858 ingenio
1055 3792 1083 3844 44
1112 3793 1172 3845 4144
1200 3791 1383 3861 imaginem

155 3881 208 3934 sibi
225 3882 336 3936 finxerit
355 3881 442 3936 artis
461 3880 675 3949 sophisticae
689 3879 780 3948 qualis
798 3880 854 3934 fuit
874 3880 961 3934 altero
980 3878 1081 3934 aetatis
1101 3878 1248 3934 (laesarum
1266 3880 1382 3935 sacculo.

156 3967 189 4022 de
208 3987 263 4036 qua
281 3988 310 4025 re
329 3971 358 4026 44
374 3970 439 4024 libri
457 3970 574 4025 titulum
593 3972 621 4023 et
639 3968 703 4022 libri
722 3987 741 4038 p
760 3970 775 4023 9
794 3986 834 4037 sq.

247 4074 282 4143 48)
296 4077 329 4131 (lt
343 4094 414 4145 quae
427 4077 663 4131 Philostratus
678 4076 746 4130 dicit
760 4076 794 4130 de
808 4075 990 4129 PolemonelI
1005 4093 1023 4143 p
1037 4076 1085 4129 52:
1104 4073 1124 4144 ἡ
1138 4072 1163 4124 δὲ
1177 4070 1231 4124 ἰδέα
1239 4080 1282 4125 τοῦ
1298 4071 1383 4126 lloht-

155 4180 237 4233 μωνος
251 4161 334 4233 λίνγων
348 4166 435 4237 θερμὴ
450 4166 494 4218 ιιαί
513 4163 646 4235 ἐναγώνιος
665 4164 708 4215 καί
726 4163 796 4234 ιορὺν
815 4160 926 4233 ὴχοῦοα,
946 4161 1027 4233 ὥςπερ
1046 4161 1066 4233 ἡ
1085 4160 1247 4234 Ὀλομπιακὴ
1267 4162 1382 4235 σάλπιγξ,

155 4251 277 4323 ἐπιπρέπει
296 4250 320 4303 δὲ
339 4250 403 4323 αὐτῇ
425 4256 469 4307 καί
491 4255 518 4307 πὸ
539 4252 730 4325 Δημοσθενικὺν
748 4259 796 4323 τῆς
820 4250 935 4322 γνώμης,
960 4251 1004 4303 καί
1027 4250 1047 4323 ἡ
1066 4249 1216 4322 σεμνολογία
1234 4250 1283 4323 οὐχ
1301 4251 1382 4316 ὑπτία,

154 4339 259 4413 λαμπρὰ
278 4339 303 4393 δὲ
321 4342 364 4393 καὶ
383 4339 488 4412 ἔμπνοος
508 4343 588 4414 ὥςπερ
602 4341 630 4394 ἐκ
644 4339 765 4414 τρίποδος,
785 4342 818 4397 de
827 4342 934 4396 Herode
948 4360 966 4411 p
978 4342 1024 4396 72:
1044 4339 1064 4412 ἡ
1079 4339 1166 4392 ἐπίπαν
1179 4338 1233 4393 tosa
1248 4340 1383 4414 τοῦλόγου

155 4438 248 4504 χρυσοῦ
271 4432 364 4504 ψῆγμα
382 4438 486 4502 ποταμῷ
510 4430 659 4504 ἀργοροδίνγ
684 4429 834 4502 ὁπαογάζον.
872 4431 1058 4487 Philostratus
1081 4431 1141 4502 ipse
1165 4431 1171 4442 '
1196 4449 1225 4489 os
1249 4451 1316 4503 quos
1335 4431 1381 4489 ad·

155 4523 272 4581 miratur
290 4540 389 4595 nempe
407 4522 536 4579 imitatur
555 4525 650 4580 eodem
668 4523 748 4578 modo
768 4539 822 4592 quo
842 4521 947 4577 Gellius
966 4431 1309 4640 4141144αὸ
