<?xml version="1.0" encoding="UTF-8"?>
<!DOCTYPE html PUBLIC "-//W3C//DTD XHTML 1.0 Transitional//EN"
    "http://www.w3.org/TR/xhtml1/DTD/xhtml1-transitional.dtd">
<html xmlns="http://www.w3.org/1999/xhtml" xml:lang="en" lang="en">
 <head>
  <title>
</title>
<meta http-equiv="Content-Type" content="text/html;charset=utf-8" />
  <meta name='ocr-system' content='tesseract 3.04.00' />
  <meta name='ocr-capabilities' content='ocr_page ocr_carea ocr_par ocr_line ocrx_word'/>
</head>
<body>
  <div class='ocr_page' id='page_1' title='image "./dequintilianili00reutgoog_0036.png"; bbox 0 0 3128 4942; ppageno 0'>
   <div class='ocr_carea' id='block_1_1' title="bbox 766 230 809 296">
    <p class='ocr_par' dir='ltr' id='par_1_1' title="bbox 766 230 809 296">
     <span class='ocr_line' id='line_1_1' title="bbox 766 230 809 296; baseline -0.023 0"><span class='ocrx_word' id='word_1_1' title='bbox 766 230 809 296; x_wconf 78' lang='lat'>25</span> 
     </span>
    </p>
   </div>
   <div class='ocr_carea' id='block_1_2' title="bbox 162 424 1402 2954">
    <p class='ocr_par' dir='ltr' id='par_1_2' title="bbox 162 424 1402 2954">
     <span class='ocr_line' id='line_1_2' title="bbox 162 424 1394 515; baseline -0.005 -18"><span class='ocrx_word' id='word_1_2' title='bbox 162 431 193 497; x_wconf 87' lang='lat' dir='ltr'>V</span> <span class='ocrx_word' id='word_1_3' title='bbox 220 433 270 515; x_wconf 94' lang='grc'>12,</span> <span class='ocrx_word' id='word_1_4' title='bbox 297 431 352 501; x_wconf 80' lang='lat'>17:</span> <span class='ocrx_word' id='word_1_5' title='bbox 376 426 644 511; x_wconf 79' lang='lat' dir='ltr'>declamationes,</span> <span class='ocrx_word' id='word_1_6' title='bbox 668 425 784 509; x_wconf 90' lang='lat' dir='ltr'>quibus</span> <span class='ocrx_word' id='word_1_7' title='bbox 808 424 852 490; x_wconf 94' lang='lat' dir='ltr'>ad</span> <span class='ocrx_word' id='word_1_8' title='bbox 865 445 1007 510; x_wconf 90' lang='lat' dir='ltr'>pugnam</span> <span class='ocrx_word' id='word_1_9' title='bbox 1021 424 1181 490; x_wconf 80' lang='lat' dir='ltr'>forensem</span> <span class='ocrx_word' id='word_1_10' title='bbox 1195 424 1284 490; x_wconf 88' lang='lat' dir='ltr'>uelut</span> <span class='ocrx_word' id='word_1_11' title='bbox 1301 446 1394 510; x_wconf 90' lang='lat' dir='ltr'>prae-</span> 
     </span>
     <span class='ocr_line' id='line_1_3' title="bbox 164 531 1392 623; baseline -0.006 -21"><span class='ocrx_word' id='word_1_12' title='bbox 164 536 275 623; x_wconf 91' lang='lat' dir='ltr'>pilatis</span> <span class='ocrx_word' id='word_1_13' title='bbox 301 535 446 602; x_wconf 79' lang='lat' dir='ltr'>exerceri</span> <span class='ocrx_word' id='word_1_14' title='bbox 462 534 658 617; x_wconf 88' lang='lat' dir='ltr'>solebamus,</span> <span class='ocrx_word' id='word_1_15' title='bbox 682 532 758 598; x_wconf 92' lang='lat' dir='ltr'>olim</span> <span class='ocrx_word' id='word_1_16' title='bbox 781 533 846 597; x_wconf 91' lang='lat' dir='ltr'>iarn</span> <span class='ocrx_word' id='word_1_17' title='bbox 870 534 911 597; x_wconf 92' lang='lat' dir='ltr'>ab</span> <span class='ocrx_word' id='word_1_18' title='bbox 934 531 991 597; x_wconf 94' lang='lat' dir='ltr'>illa</span> <span class='ocrx_word' id='word_1_19' title='bbox 1014 552 1093 597; x_wconf 95' lang='lat' dir='ltr'>uera</span> <span class='ocrx_word' id='word_1_20' title='bbox 1113 531 1255 615; x_wconf 82' lang='lat' dir='ltr'>imagine</span> <span class='ocrx_word' id='word_1_21' title='bbox 1279 531 1392 597; x_wconf 89' lang='lat' dir='ltr'>orandi</span> 
     </span>
     <span class='ocr_line' id='line_1_4' title="bbox 164 638 1394 726; baseline -0.004 -17"><span class='ocrx_word' id='word_1_22' title='bbox 164 641 551 724; x_wconf 73' lang='lat' dir='ltr'>recesserunt-1120,</span> <span class='ocrx_word' id='word_1_23' title='bbox 575 642 596 706; x_wconf 91' lang='grc'>4</span> <span class='ocrx_word' id='word_1_24' title='bbox 621 638 655 726; x_wconf 67' lang='grc' dir='ltr'>(ξ</span> <span class='ocrx_word' id='word_1_25' title='bbox 680 643 699 703; x_wconf 99' lang='grc'>3</span> <span class='ocrx_word' id='word_1_26' title='bbox 725 645 775 705; x_wconf 84' lang='grc'>001</span> <span class='ocrx_word' id='word_1_27' title='bbox 798 639 1073 726; x_wconf 78' lang='grc' dir='ltr'><strong>11οματαιοτεχν101,</strong></span> <span class='ocrx_word' id='word_1_28' title='bbox 1093 659 1296 723; x_wconf 89' lang='lat' dir='ltr'>superuacua</span> <span class='ocrx_word' id='word_1_29' title='bbox 1314 639 1394 704; x_wconf 88' lang='lat' dir='ltr'>artis</span> 
     </span>
     <span class='ocr_line' id='line_1_5' title="bbox 165 745 1395 832; baseline -0.004 -16"><span class='ocrx_word' id='word_1_30' title='bbox 165 749 377 827; x_wconf 88' lang='lat' dir='ltr'>imitatione):</span> <span class='ocrx_word' id='word_1_31' title='bbox 400 748 454 814; x_wconf 91' lang='lat' dir='ltr'>his</span> <span class='ocrx_word' id='word_1_32' title='bbox 478 767 540 830; x_wconf 90' lang='lat' dir='ltr'>ego</span> <span class='ocrx_word' id='word_1_33' title='bbox 555 745 792 832; x_wconf 88' lang='lat' dir='ltr'>comparandos</span> <span class='ocrx_word' id='word_1_34' title='bbox 808 746 956 812; x_wconf 83' lang='lat' dir='ltr'>existimo</span> <span class='ocrx_word' id='word_1_35' title='bbox 980 746 1081 829; x_wconf 91' lang='lat' dir='ltr'>quiin</span> <span class='ocrx_word' id='word_1_36' title='bbox 1097 745 1395 824; x_wconf 91' lang='lat' dir='ltr'>declamationibus,</span> 
     </span>
     <span class='ocr_line' id='line_1_6' title="bbox 165 851 1395 942; baseline -0.006 -18"><span class='ocrx_word' id='word_1_37' title='bbox 165 874 250 942; x_wconf 89' lang='lat' dir='ltr'>quas</span> <span class='ocrx_word' id='word_1_38' title='bbox 274 875 350 922; x_wconf 92' lang='lat' dir='ltr'>esse</span> <span class='ocrx_word' id='word_1_39' title='bbox 373 854 505 920; x_wconf 91' lang='lat' dir='ltr'>ueritati</span> <span class='ocrx_word' id='word_1_40' title='bbox 530 852 766 918; x_wconf 89' lang='lat' dir='ltr'>dissimillimas</span> <span class='ocrx_word' id='word_1_41' title='bbox 790 852 911 938; x_wconf 81' lang='lat' dir='ltr'>uolunt,</span> <span class='ocrx_word' id='word_1_42' title='bbox 935 859 1075 918; x_wconf 88' lang='lat' dir='ltr'>aetatem</span> <span class='ocrx_word' id='word_1_43' title='bbox 1098 852 1197 917; x_wconf 92' lang='lat' dir='ltr'>multo</span> <span class='ocrx_word' id='word_1_44' title='bbox 1226 851 1333 919; x_wconf 91' lang='lat' dir='ltr'>studio</span> <span class='ocrx_word' id='word_1_45' title='bbox 1363 858 1395 917; x_wconf 88' lang='lat' dir='ltr'>et</span> 
     </span>
     <span class='ocr_line' id='line_1_7' title="bbox 165 959 1395 1045; baseline -0.004 -17"><span class='ocrx_word' id='word_1_46' title='bbox 165 965 280 1030; x_wconf 90' lang='lat' dir='ltr'>labore</span> <span class='ocrx_word' id='word_1_47' title='bbox 305 968 503 1029; x_wconf 89' lang='lat' dir='ltr'>consumunt.</span> <span class='ocrx_word' id='word_1_48' title='bbox 554 960 590 1025; x_wconf 84' lang='lat' dir='ltr'>ef</span> <span class='ocrx_word' id='word_1_49' title='bbox 614 981 686 1025; x_wconf 88' lang='grc'><strong>011111</strong></span> <span class='ocrx_word' id='word_1_50' title='bbox 708 959 759 1026; x_wconf 92' lang='lat' dir='ltr'>his</span> <span class='ocrx_word' id='word_1_51' title='bbox 782 960 846 1024; x_wconf 91' lang='lat' dir='ltr'>XII</span> <span class='ocrx_word' id='word_1_52' title='bbox 874 964 920 1044; x_wconf 89' lang='lat' dir='ltr'>ll,</span> <span class='ocrx_word' id='word_1_53' title='bbox 948 961 996 1026; x_wconf 81' lang='grc'>11.</span> <span class='ocrx_word' id='word_1_54' title='bbox 1015 998 1050 1007; x_wconf 80' lang='lat'>-—</span> <span class='ocrx_word' id='word_1_55' title='bbox 1073 960 1150 1024; x_wconf 91' lang='lat' dir='ltr'>VIII</span> <span class='ocrx_word' id='word_1_56' title='bbox 1173 963 1202 1045; x_wconf 85' lang='lat'>3,</span> <span class='ocrx_word' id='word_1_57' title='bbox 1228 963 1284 1026; x_wconf 76' lang='lat'>76:</span> <span class='ocrx_word' id='word_1_58' title='bbox 1309 959 1395 1042; x_wconf 92' lang='lat' dir='ltr'>quod</span> 
     </span>
     <span class='ocr_line' id='line_1_8' title="bbox 167 1064 1395 1156; baseline -0.006 -20"><span class='ocrx_word' id='word_1_59' title='bbox 167 1070 299 1156; x_wconf 86' lang='lat' dir='ltr'>quidem</span> <span class='ocrx_word' id='word_1_60' title='bbox 321 1088 427 1152; x_wconf 90' lang='lat' dir='ltr'>genus</span> <span class='ocrx_word' id='word_1_61' title='bbox 452 1064 720 1155; x_wconf 85' lang='lat' dir='ltr'>[similitudinum]</span> <span class='ocrx_word' id='word_1_62' title='bbox 737 1118 743 1132; x_wconf 96' lang='lat'>.</span> <span class='ocrx_word' id='word_1_63' title='bbox 759 1117 766 1132; x_wconf 95' lang='lat'><strong>.</strong></span> <span class='ocrx_word' id='word_1_64' title='bbox 781 1118 811 1133; x_wconf 91' lang='lat'>..</span> <span class='ocrx_word' id='word_1_65' title='bbox 835 1067 1069 1132; x_wconf 89' lang='lat' dir='ltr'>declamatoria</span> <span class='ocrx_word' id='word_1_66' title='bbox 1096 1067 1235 1132; x_wconf 83' lang='lat' dir='ltr'>maxime</span> <span class='ocrx_word' id='word_1_67' title='bbox 1263 1066 1395 1133; x_wconf 90' lang='lat' dir='ltr'>licentia</span> 
     </span>
     <span class='ocr_line' id='line_1_9' title="bbox 167 1173 1395 1262; baseline -0.006 -18"><span class='ocrx_word' id='word_1_68' title='bbox 167 1184 352 1262; x_wconf 89' lang='lat' dir='ltr'>corruptum</span> <span class='ocrx_word' id='word_1_69' title='bbox 376 1182 436 1241; x_wconf 89' lang='lat' dir='ltr'>est.</span> <span class='ocrx_word' id='word_1_70' title='bbox 483 1173 632 1239; x_wconf 88' lang='lat' dir='ltr'>adhaec</span> <span class='ocrx_word' id='word_1_71' title='bbox 663 1174 696 1238; x_wconf 90' lang='lat' dir='ltr'>in</span> <span class='ocrx_word' id='word_1_72' title='bbox 728 1174 913 1240; x_wconf 91' lang='lat' dir='ltr'>uniuersum</span> <span class='ocrx_word' id='word_1_73' title='bbox 942 1173 1030 1239; x_wconf 90' lang='lat' dir='ltr'>diota</span> <span class='ocrx_word' id='word_1_74' title='bbox 1057 1174 1123 1239; x_wconf 91' lang='lat' dir='ltr'>alia</span> <span class='ocrx_word' id='word_1_75' title='bbox 1147 1174 1305 1239; x_wconf 89' lang='lat' dir='ltr'>accedunt</span> <span class='ocrx_word' id='word_1_76' title='bbox 1328 1174 1395 1256; x_wconf 91' lang='lat' dir='ltr'>qui-</span> 
     </span>
     <span class='ocr_line' id='line_1_10' title="bbox 166 1281 1396 1351; baseline -0.005 0"><span class='ocrx_word' id='word_1_77' title='bbox 166 1287 226 1351; x_wconf 88' lang='lat' dir='ltr'>bus</span> <span class='ocrx_word' id='word_1_78' title='bbox 250 1290 342 1350; x_wconf 88' lang='lat' dir='ltr'>certa</span> <span class='ocrx_word' id='word_1_79' title='bbox 367 1282 504 1349; x_wconf 92' lang='lat' dir='ltr'>crimina</span> <span class='ocrx_word' id='word_1_80' title='bbox 528 1288 560 1347; x_wconf 89' lang='lat' dir='ltr'>et</span> <span class='ocrx_word' id='word_1_81' title='bbox 584 1281 855 1346; x_wconf 84' lang='lat' dir='ltr'>declamatoribus</span> <span class='ocrx_word' id='word_1_82' title='bbox 880 1289 912 1346; x_wconf 90' lang='lat' dir='ltr'>et</span> <span class='ocrx_word' id='word_1_83' title='bbox 940 1281 1071 1347; x_wconf 90' lang='lat' dir='ltr'>scholae</span> <span class='ocrx_word' id='word_1_84' title='bbox 1100 1281 1281 1346; x_wconf 90' lang='lat' dir='ltr'>obiciuntur</span> <span class='ocrx_word' id='word_1_85' title='bbox 1307 1281 1396 1346; x_wconf 90' lang='lat' dir='ltr'>uelut</span> 
     </span>
     <span class='ocr_line' id='line_1_11' title="bbox 165 1389 1396 1473; baseline -0.004 -16"><span class='ocrx_word' id='word_1_86' title='bbox 165 1392 338 1457; x_wconf 89' lang='lat' dir='ltr'>themata</span> <span class='ocrx_word' id='word_1_87' title='bbox 370 1390 403 1453; x_wconf 95' lang='grc' dir='ltr'>Π</span> <span class='ocrx_word' id='word_1_88' title='bbox 438 1392 488 1473; x_wconf 89' lang='grc'>10,</span> <span class='ocrx_word' id='word_1_89' title='bbox 520 1392 555 1456; x_wconf 85' lang='lat'>5:</span> <span class='ocrx_word' id='word_1_90' title='bbox 678 1409 793 1470; x_wconf 88' lang='lat' dir='ltr'>magos</span> <span class='ocrx_word' id='word_1_91' title='bbox 818 1396 849 1454; x_wconf 88' lang='lat' dir='ltr'>et</span> <span class='ocrx_word' id='word_1_92' title='bbox 872 1389 1093 1472; x_wconf 82' lang='lat' dir='ltr'>pestilentiam</span> <span class='ocrx_word' id='word_1_93' title='bbox 1116 1395 1149 1453; x_wconf 90' lang='lat' dir='ltr'>et</span> <span class='ocrx_word' id='word_1_94' title='bbox 1176 1409 1335 1473; x_wconf 86' lang='lat' dir='ltr'>responsa</span> <span class='ocrx_word' id='word_1_95' title='bbox 1363 1396 1396 1452; x_wconf 94' lang='lat' dir='ltr'>et</span> 
     </span>
     <span class='ocr_line' id='line_1_12' title="bbox 166 1494 1395 1580; baseline -0.005 -16"><span class='ocrx_word' id='word_1_96' title='bbox 166 1498 337 1565; x_wconf 90' lang='lat' dir='ltr'>saeuiores</span> <span class='ocrx_word' id='word_1_97' title='bbox 365 1495 501 1580; x_wconf 83' lang='lat' dir='ltr'>tragicis</span> <span class='ocrx_word' id='word_1_98' title='bbox 525 1516 683 1561; x_wconf 89' lang='lat' dir='ltr'>nouercas</span> <span class='ocrx_word' id='word_1_99' title='bbox 707 1495 836 1578; x_wconf 87' lang='lat' dir='ltr'>aliaque</span> <span class='ocrx_word' id='word_1_100' title='bbox 861 1496 966 1578; x_wconf 87' lang='lat' dir='ltr'>magis</span> <span class='ocrx_word' id='word_1_101' title='bbox 981 1495 1088 1560; x_wconf 91' lang='lat' dir='ltr'>adhuc</span> <span class='ocrx_word' id='word_1_102' title='bbox 1111 1494 1261 1560; x_wconf 88' lang='lat' dir='ltr'>fabulosa</span> <span class='ocrx_word' id='word_1_103' title='bbox 1276 1494 1395 1560; x_wconf 87' lang='lat' dir='ltr'>frustra</span> 
     </span>
     <span class='ocr_line' id='line_1_13' title="bbox 167 1601 1395 1689; baseline -0.002 -20"><span class='ocrx_word' id='word_1_104' title='bbox 167 1606 254 1671; x_wconf 92' lang='lat' dir='ltr'>inter</span> <span class='ocrx_word' id='word_1_105' title='bbox 278 1602 471 1689; x_wconf 85' lang='lat' dir='ltr'>sponsiones</span> <span class='ocrx_word' id='word_1_106' title='bbox 495 1611 528 1668; x_wconf 90' lang='lat' dir='ltr'>et</span> <span class='ocrx_word' id='word_1_107' title='bbox 542 1602 715 1668; x_wconf 89' lang='lat' dir='ltr'>interdicta</span> <span class='ocrx_word' id='word_1_108' title='bbox 730 1622 930 1685; x_wconf 87' lang='lat' dir='ltr'>quaeremus.</span> <span class='ocrx_word' id='word_1_109' title='bbox 947 1640 990 1647; x_wconf 98' lang='lat'><strong>—</strong></span> <span class='ocrx_word' id='word_1_110' title='bbox 1006 1602 1269 1668; x_wconf 86' lang='lat' dir='ltr'>consuetudinem</span> <span class='ocrx_word' id='word_1_111' title='bbox 1289 1601 1395 1667; x_wconf 92' lang='lat' dir='ltr'>decla-</span> 
     </span>
     <span class='ocr_line' id='line_1_14' title="bbox 168 1709 1396 1797; baseline -0.002 -20"><span class='ocrx_word' id='word_1_112' title='bbox 168 1711 325 1777; x_wconf 91' lang='lat' dir='ltr'>mantium</span> <span class='ocrx_word' id='word_1_113' title='bbox 354 1732 431 1797; x_wconf 89' lang='lat' dir='ltr'>qua,</span> <span class='ocrx_word' id='word_1_114' title='bbox 463 1732 505 1776; x_wconf 92' lang='lat' dir='ltr'>ne</span> <span class='ocrx_word' id='word_1_115' title='bbox 533 1711 794 1776; x_wconf 86' lang='lat' dir='ltr'>aduersariorum</span> <span class='ocrx_word' id='word_1_116' title='bbox 824 1717 1014 1792; x_wconf 89' lang='lat' dir='ltr'>argumenta</span> <span class='ocrx_word' id='word_1_117' title='bbox 1045 1709 1217 1792; x_wconf 85' lang='lat' dir='ltr'>diligenter</span> <span class='ocrx_word' id='word_1_118' title='bbox 1247 1716 1396 1794; x_wconf 88' lang='lat' dir='ltr'>respecta</span> 
     </span>
     <span class='ocr_line' id='line_1_15' title="bbox 168 1815 1396 1902; baseline -0.003 -18"><span class='ocrx_word' id='word_1_119' title='bbox 168 1818 333 1902; x_wconf 85' lang='lat' dir='ltr'>refellant,</span> <span class='ocrx_word' id='word_1_120' title='bbox 355 1838 508 1884; x_wconf 89' lang='lat' dir='ltr'>recusare</span> <span class='ocrx_word' id='word_1_121' title='bbox 532 1818 659 1883; x_wconf 90' lang='lat' dir='ltr'>soleant</span> <span class='ocrx_word' id='word_1_122' title='bbox 687 1817 805 1883; x_wconf 88' lang='lat' dir='ltr'>falsam</span> <span class='ocrx_word' id='word_1_123' title='bbox 837 1823 869 1884; x_wconf 90' lang='lat' dir='ltr'>et</span> <span class='ocrx_word' id='word_1_124' title='bbox 896 1839 917 1882; x_wconf 86' lang='lat' dir='ltr'>a</span> <span class='ocrx_word' id='word_1_125' title='bbox 945 1818 1033 1883; x_wconf 90' lang='lat' dir='ltr'>uitae</span> <span class='ocrx_word' id='word_1_126' title='bbox 1062 1815 1227 1881; x_wconf 92' lang='lat' dir='ltr'>commodo</span> <span class='ocrx_word' id='word_1_127' title='bbox 1256 1815 1396 1880; x_wconf 90' lang='lat' dir='ltr'>alienam</span> 
     </span>
     <span class='ocr_line' id='line_1_16' title="bbox 170 1922 1396 2011; baseline -0.005 -19"><span class='ocrx_word' id='word_1_128' title='bbox 170 1947 244 1992; x_wconf 91' lang='lat' dir='ltr'>esse</span> <span class='ocrx_word' id='word_1_129' title='bbox 267 1924 346 1990; x_wconf 92' lang='lat' dir='ltr'>dicit</span> <span class='ocrx_word' id='word_1_130' title='bbox 370 1926 399 1990; x_wconf 92' lang='lat' dir='ltr'>V</span> <span class='ocrx_word' id='word_1_131' title='bbox 425 1927 475 2010; x_wconf 89' lang='grc'>13,</span> <span class='ocrx_word' id='word_1_132' title='bbox 505 1925 680 1991; x_wconf 78' lang='grc'><strong>3111011110</strong></span> <span class='ocrx_word' id='word_1_133' title='bbox 709 1924 772 1990; x_wconf 91' lang='lat' dir='ltr'>his:</span> <span class='ocrx_word' id='word_1_134' title='bbox 808 1922 1103 2011; x_wconf 81' lang='lat' dir='ltr'>[contradictiones]</span> <span class='ocrx_word' id='word_1_135' title='bbox 1137 1923 1267 2006; x_wconf 89' lang='lat' dir='ltr'>quidem</span> <span class='ocrx_word' id='word_1_136' title='bbox 1299 1930 1331 1989; x_wconf 92' lang='lat' dir='ltr'>et</span> <span class='ocrx_word' id='word_1_137' title='bbox 1363 1923 1396 1987; x_wconf 93' lang='lat' dir='ltr'>in</span> 
     </span>
     <span class='ocr_line' id='line_1_17' title="bbox 167 2031 1396 2116; baseline -0.001 -20"><span class='ocrx_word' id='word_1_138' title='bbox 167 2032 237 2096; x_wconf 86' lang='lat' dir='ltr'>foro</span> <span class='ocrx_word' id='word_1_139' title='bbox 261 2038 419 2114; x_wconf 87' lang='lat' dir='ltr'>tanquam</span> <span class='ocrx_word' id='word_1_140' title='bbox 442 2052 509 2096; x_wconf 89' lang='lat' dir='ltr'>rem</span> <span class='ocrx_word' id='word_1_141' title='bbox 532 2031 702 2097; x_wconf 86' lang='lat' dir='ltr'>molestam</span> <span class='ocrx_word' id='word_1_142' title='bbox 727 2038 759 2097; x_wconf 93' lang='lat' dir='ltr'>et</span> <span class='ocrx_word' id='word_1_143' title='bbox 783 2031 929 2097; x_wconf 89' lang='lat' dir='ltr'>odiosam</span> <span class='ocrx_word' id='word_1_144' title='bbox 952 2039 1183 2116; x_wconf 88' lang='lat' dir='ltr'>praeterunt..</span> <span class='ocrx_word' id='word_1_145' title='bbox 1200 2083 1231 2100; x_wconf 88' lang='lat'>..</span> <span class='ocrx_word' id='word_1_146' title='bbox 1256 2031 1396 2096; x_wconf 78' lang='grc'><strong>011101111-</strong></span> 
     </span>
     <span class='ocr_line' id='line_1_18' title="bbox 167 2136 1397 2223; baseline -0.001 -19"><span class='ocrx_word' id='word_1_147' title='bbox 167 2137 315 2205; x_wconf 89' lang='lat' dir='ltr'>uersario</span> <span class='ocrx_word' id='word_1_148' title='bbox 340 2136 453 2203; x_wconf 92' lang='lat' dir='ltr'>dicunt</span> <span class='ocrx_word' id='word_1_149' title='bbox 476 2145 508 2203; x_wconf 89' lang='lat' dir='ltr'>et</span> <span class='ocrx_word' id='word_1_150' title='bbox 532 2137 656 2203; x_wconf 88' lang='lat' dir='ltr'>seilicet</span> <span class='ocrx_word' id='word_1_151' title='bbox 679 2140 778 2202; x_wconf 89' lang='lat' dir='ltr'>multo</span> <span class='ocrx_word' id='word_1_152' title='bbox 802 2139 908 2221; x_wconf 88' lang='lat' dir='ltr'>magis</span> <span class='ocrx_word' id='word_1_153' title='bbox 931 2139 964 2203; x_wconf 93' lang='lat' dir='ltr'>in</span> <span class='ocrx_word' id='word_1_154' title='bbox 985 2138 1114 2223; x_wconf 89' lang='lat' dir='ltr'>scholis,</span> <span class='ocrx_word' id='word_1_155' title='bbox 1138 2139 1171 2203; x_wconf 95' lang='lat' dir='ltr'>in</span> <span class='ocrx_word' id='word_1_156' title='bbox 1194 2139 1309 2222; x_wconf 91' lang='lat' dir='ltr'>quibus</span> <span class='ocrx_word' id='word_1_157' title='bbox 1332 2159 1397 2203; x_wconf 92' lang='lat' dir='ltr'>non</span> 
     </span>
     <span class='ocr_line' id='line_1_19' title="bbox 169 2245 1394 2330; baseline 0.001 -19"><span class='ocrx_word' id='word_1_158' title='bbox 169 2246 274 2312; x_wconf 90' lang='lat' dir='ltr'>solum</span> <span class='ocrx_word' id='word_1_159' title='bbox 298 2245 632 2311; x_wconf 85' lang='lat' dir='ltr'>contradictiones</span> <span class='ocrx_word' id='word_1_160' title='bbox 653 2246 849 2330; x_wconf 88' lang='lat' dir='ltr'>omittuntur,</span> <span class='ocrx_word' id='word_1_161' title='bbox 872 2266 983 2311; x_wconf 90' lang='lat' dir='ltr'>uerum</span> <span class='ocrx_word' id='word_1_162' title='bbox 1008 2246 1106 2312; x_wconf 89' lang='lat' dir='ltr'>etiarn</span> <span class='ocrx_word' id='word_1_163' title='bbox 1121 2246 1277 2312; x_wconf 90' lang='lat' dir='ltr'>materiae</span> <span class='ocrx_word' id='word_1_164' title='bbox 1300 2247 1394 2330; x_wconf 89' lang='lat' dir='ltr'>ipsae</span> 
     </span>
     <span class='ocr_line' id='line_1_20' title="bbox 170 2352 1402 2438; baseline -0.003 -18"><span class='ocrx_word' id='word_1_165' title='bbox 170 2354 218 2420; x_wconf 90' lang='lat' dir='ltr'>sic</span> <span class='ocrx_word' id='word_1_166' title='bbox 239 2353 430 2438; x_wconf 88' lang='lat' dir='ltr'>plerumque</span> <span class='ocrx_word' id='word_1_167' title='bbox 458 2353 634 2438; x_wconf 88' lang='lat' dir='ltr'>finguntur,</span> <span class='ocrx_word' id='word_1_168' title='bbox 657 2360 692 2418; x_wconf 88' lang='lat' dir='ltr'>ut</span> <span class='ocrx_word' id='word_1_169' title='bbox 714 2352 794 2417; x_wconf 93' lang='lat' dir='ltr'>nihil</span> <span class='ocrx_word' id='word_1_170' title='bbox 819 2353 883 2417; x_wconf 91' lang='lat' dir='ltr'>dici</span> <span class='ocrx_word' id='word_1_171' title='bbox 905 2374 964 2437; x_wconf 91' lang='lat' dir='ltr'>pro</span> <span class='ocrx_word' id='word_1_172' title='bbox 987 2359 1080 2437; x_wconf 83' lang='lat' dir='ltr'>parte</span> <span class='ocrx_word' id='word_1_173' title='bbox 1105 2352 1209 2417; x_wconf 90' lang='lat' dir='ltr'>altera</span> <span class='ocrx_word' id='word_1_174' title='bbox 1228 2355 1341 2437; x_wconf 90' lang='lat' dir='ltr'>possit.</span> <span class='ocrx_word' id='word_1_175' title='bbox 1366 2352 1402 2418; x_wconf 88' lang='lat' dir='ltr'>cf</span> 
     </span>
     <span class='ocr_line' id='line_1_21' title="bbox 169 2459 1396 2544; baseline -0.002 -17"><span class='ocrx_word' id='word_1_176' title='bbox 169 2463 275 2544; x_wconf 74' lang='lat' dir='ltr'>qs-§</span> <span class='ocrx_word' id='word_1_177' title='bbox 290 2463 343 2525; x_wconf 83' lang='grc'>42.</span> <span class='ocrx_word' id='word_1_178' title='bbox 361 2496 405 2506; x_wconf 88' lang='grc'>-</span> <span class='ocrx_word' id='word_1_179' title='bbox 425 2460 540 2526; x_wconf 89' lang='lat' dir='ltr'>similis</span> <span class='ocrx_word' id='word_1_180' title='bbox 565 2467 614 2526; x_wconf 89' lang='lat' dir='ltr'>est</span> <span class='ocrx_word' id='word_1_181' title='bbox 636 2460 727 2525; x_wconf 87' lang='lat' dir='ltr'>locus</span> <span class='ocrx_word' id='word_1_182' title='bbox 751 2462 806 2543; x_wconf 89' lang='lat' dir='ltr'>qui</span> <span class='ocrx_word' id='word_1_183' title='bbox 829 2460 988 2544; x_wconf 88' lang='lat' dir='ltr'>reperitur</span> <span class='ocrx_word' id='word_1_184' title='bbox 1012 2459 1072 2523; x_wconf 92' lang='lat' dir='ltr'>VII</span> <span class='ocrx_word' id='word_1_185' title='bbox 1096 2463 1124 2543; x_wconf 91' lang='grc'>2,</span> <span class='ocrx_word' id='word_1_186' title='bbox 1139 2462 1198 2526; x_wconf 78' lang='lat'>54:</span> <span class='ocrx_word' id='word_1_187' title='bbox 1223 2460 1281 2523; x_wconf 89' lang='lat' dir='ltr'>illa</span> <span class='ocrx_word' id='word_1_188' title='bbox 1305 2460 1396 2526; x_wconf 88' lang='lat' dir='ltr'>scho-</span> 
     </span>
     <span class='ocr_line' id='line_1_22' title="bbox 169 2566 1396 2652; baseline 0.001 -21"><span class='ocrx_word' id='word_1_189' title='bbox 169 2568 274 2632; x_wconf 88' lang='lat' dir='ltr'>larum</span> <span class='ocrx_word' id='word_1_190' title='bbox 298 2566 497 2632; x_wconf 90' lang='lat' dir='ltr'>consuetudo</span> <span class='ocrx_word' id='word_1_191' title='bbox 521 2567 614 2632; x_wconf 84' lang='lat' dir='ltr'>ituris</span> <span class='ocrx_word' id='word_1_192' title='bbox 638 2566 796 2632; x_wconf 88' lang='lat' dir='ltr'>inferum</span> <span class='ocrx_word' id='word_1_193' title='bbox 819 2574 927 2652; x_wconf 89' lang='lat' dir='ltr'>potest</span> <span class='ocrx_word' id='word_1_194' title='bbox 941 2587 1065 2652; x_wconf 85' lang='lat' dir='ltr'>nocere,</span> <span class='ocrx_word' id='word_1_195' title='bbox 1090 2567 1175 2649; x_wconf 88' lang='lat' dir='ltr'>quod</span> <span class='ocrx_word' id='word_1_196' title='bbox 1191 2568 1298 2631; x_wconf 88' lang='lat' dir='ltr'>omnia</span> <span class='ocrx_word' id='word_1_197' title='bbox 1313 2587 1396 2649; x_wconf 91' lang='lat' dir='ltr'>quae</span> 
     </span>
     <span class='ocr_line' id='line_1_23' title="bbox 170 2673 1397 2758; baseline 0 -20"><span class='ocrx_word' id='word_1_198' title='bbox 170 2675 203 2739; x_wconf 96' lang='lat' dir='ltr'>in</span> <span class='ocrx_word' id='word_1_199' title='bbox 226 2673 369 2738; x_wconf 88' lang='lat' dir='ltr'>themate</span> <span class='ocrx_word' id='word_1_200' title='bbox 397 2694 461 2738; x_wconf 93' lang='lat' dir='ltr'>non</span> <span class='ocrx_word' id='word_1_201' title='bbox 485 2680 559 2740; x_wconf 91' lang='lat' dir='ltr'>sunt</span> <span class='ocrx_word' id='word_1_202' title='bbox 588 2695 654 2758; x_wconf 88' lang='lat' dir='ltr'>pro</span> <span class='ocrx_word' id='word_1_203' title='bbox 687 2675 800 2740; x_wconf 91' lang='lat' dir='ltr'>nobis</span> <span class='ocrx_word' id='word_1_204' title='bbox 824 2675 979 2742; x_wconf 91' lang='lat' dir='ltr'>ducimus.</span> <span class='ocrx_word' id='word_1_205' title='bbox 1003 2713 1046 2721; x_wconf 88' lang='lat'><em>-</em></span> <span class='ocrx_word' id='word_1_206' title='bbox 1080 2675 1156 2738; x_wconf 89' lang='lat' dir='ltr'>item</span> <span class='ocrx_word' id='word_1_207' title='bbox 1184 2674 1247 2738; x_wconf 91' lang='lat' dir='ltr'>huc</span> <span class='ocrx_word' id='word_1_208' title='bbox 1274 2674 1397 2740; x_wconf 87' lang='lat' dir='ltr'>faciunt</span> 
     </span>
     <span class='ocr_line' id='line_1_24' title="bbox 170 2780 1397 2867; baseline -0.001 -21"><span class='ocrx_word' id='word_1_209' title='bbox 170 2801 255 2865; x_wconf 90' lang='lat' dir='ltr'>quae</span> <span class='ocrx_word' id='word_1_210' title='bbox 278 2780 429 2864; x_wconf 88' lang='lat' dir='ltr'>leguntur</span> <span class='ocrx_word' id='word_1_211' title='bbox 451 2781 495 2845; x_wconf 93' lang='lat' dir='ltr'>VI</span> <span class='ocrx_word' id='word_1_212' title='bbox 521 2783 548 2866; x_wconf 87' lang='lat'>1,</span> <span class='ocrx_word' id='word_1_213' title='bbox 575 2784 636 2861; x_wconf 76' lang='grc' dir='ltr'>13.Ι</span> <span class='ocrx_word' id='word_1_214' title='bbox 677 2781 721 2846; x_wconf 95' lang='lat' dir='ltr'>IV</span> <span class='ocrx_word' id='word_1_215' title='bbox 750 2784 779 2865; x_wconf 89' lang='grc'>2,</span> <span class='ocrx_word' id='word_1_216' title='bbox 804 2786 855 2850; x_wconf 82' lang='grc'><strong>110.</strong></span> <span class='ocrx_word' id='word_1_217' title='bbox 907 2783 955 2846; x_wconf 93' lang='lat' dir='ltr'>III</span> <span class='ocrx_word' id='word_1_218' title='bbox 984 2788 1013 2867; x_wconf 79' lang='grc'>8,</span> <span class='ocrx_word' id='word_1_219' title='bbox 1041 2783 1093 2848; x_wconf 79' lang='grc'>13.</span> <span class='ocrx_word' id='word_1_220' title='bbox 1125 2784 1177 2867; x_wconf 78' lang='lat'>59,</span> <span class='ocrx_word' id='word_1_221' title='bbox 1209 2782 1397 2865; x_wconf 90' lang='lat' dir='ltr'>quibuscum</span> 
     </span>
     <span class='ocr_line' id='line_1_25' title="bbox 169 2886 757 2954; baseline 0.002 -1"><span class='ocrx_word' id='word_1_222' title='bbox 169 2888 296 2953; x_wconf 88' lang='lat' dir='ltr'>iuuabit</span> <span class='ocrx_word' id='word_1_223' title='bbox 319 2886 464 2954; x_wconf 90' lang='lat' dir='ltr'>conferre</span> <span class='ocrx_word' id='word_1_224' title='bbox 487 2889 662 2954; x_wconf 90' lang='lat' dir='ltr'>Petronii</span> <span class='ocrx_word' id='word_1_225' title='bbox 687 2909 704 2954; x_wconf 94' lang='grc'>0</span> <span class='ocrx_word' id='word_1_226' title='bbox 730 2892 757 2954; x_wconf 92' lang='grc'>1.</span> 
     </span>
    </p>
   </div>
   <div class='ocr_carea' id='block_1_3' title="bbox 168 3029 1397 3546">
    <p class='ocr_par' dir='ltr' id='par_1_3' title="bbox 168 3029 1397 3546">
     <span class='ocr_line' id='line_1_26' title="bbox 260 3029 1397 3119; baseline 0.003 -24"><span class='ocrx_word' id='word_1_227' title='bbox 260 3030 379 3095; x_wconf 89' lang='lat' dir='ltr'>Verum</span> <span class='ocrx_word' id='word_1_228' title='bbox 423 3049 488 3095; x_wconf 94' lang='lat' dir='ltr'>non</span> <span class='ocrx_word' id='word_1_229' title='bbox 528 3031 623 3095; x_wconf 91' lang='lat' dir='ltr'>modo</span> <span class='ocrx_word' id='word_1_230' title='bbox 661 3032 776 3097; x_wconf 88' lang='lat' dir='ltr'>stultos</span> <span class='ocrx_word' id='word_1_231' title='bbox 809 3037 842 3096; x_wconf 91' lang='lat' dir='ltr'>et</span> <span class='ocrx_word' id='word_1_232' title='bbox 879 3029 1069 3119; x_wconf 82' lang='lat' dir='ltr'>inept0s¹⁵),</span> <span class='ocrx_word' id='word_1_233' title='bbox 1108 3030 1166 3097; x_wconf 92' lang='lat' dir='ltr'>sed</span> <span class='ocrx_word' id='word_1_234' title='bbox 1207 3033 1397 3098; x_wconf 90' lang='lat' dir='ltr'>ambitiosos</span> 
     </span>
     <span class='ocr_line' id='line_1_27' title="bbox 171 3136 1396 3224; baseline 0 -20"><span class='ocrx_word' id='word_1_235' title='bbox 171 3143 204 3204; x_wconf 90' lang='lat' dir='ltr'>et</span> <span class='ocrx_word' id='word_1_236' title='bbox 240 3136 398 3222; x_wconf 88' lang='lat' dir='ltr'>tumidos,</span> <span class='ocrx_word' id='word_1_237' title='bbox 435 3137 548 3202; x_wconf 92' lang='lat' dir='ltr'>molles</span> <span class='ocrx_word' id='word_1_238' title='bbox 582 3144 614 3202; x_wconf 89' lang='lat' dir='ltr'>et</span> <span class='ocrx_word' id='word_1_239' title='bbox 656 3137 858 3203; x_wconf 85' lang='lat' dir='ltr'>effeminatos</span> <span class='ocrx_word' id='word_1_240' title='bbox 895 3145 993 3220; x_wconf 90' lang='lat' dir='ltr'>atque</span> <span class='ocrx_word' id='word_1_241' title='bbox 1040 3141 1080 3204; x_wconf 92' lang='lat' dir='ltr'>ob</span> <span class='ocrx_word' id='word_1_242' title='bbox 1117 3138 1153 3202; x_wconf 95' lang='lat' dir='ltr'>id</span> <span class='ocrx_word' id='word_1_243' title='bbox 1193 3160 1314 3224; x_wconf 90' lang='lat' dir='ltr'>prauos</span> <span class='ocrx_word' id='word_1_244' title='bbox 1351 3141 1396 3204; x_wconf 93' lang='lat' dir='ltr'>in-</span> 
     </span>
     <span class='ocr_line' id='line_1_28' title="bbox 168 3244 1397 3330; baseline 0.002 -21"><span class='ocrx_word' id='word_1_245' title='bbox 168 3244 388 3327; x_wconf 89' lang='lat' dir='ltr'>honestosque</span> <span class='ocrx_word' id='word_1_246' title='bbox 404 3264 476 3309; x_wconf 88' lang='lat' dir='ltr'>esse</span> <span class='ocrx_word' id='word_1_247' title='bbox 495 3251 724 3330; x_wconf 86' lang='lat' dir='ltr'>praeceptores</span> <span class='ocrx_word' id='word_1_248' title='bbox 751 3245 873 3310; x_wconf 81' lang='lat' dir='ltr'>Fabius</span> <span class='ocrx_word' id='word_1_249' title='bbox 887 3266 1006 3328; x_wconf 89' lang='lat' dir='ltr'>magna</span> <span class='ocrx_word' id='word_1_250' title='bbox 1020 3246 1068 3310; x_wconf 92' lang='lat' dir='ltr'>ira</span> <span class='ocrx_word' id='word_1_251' title='bbox 1084 3253 1116 3311; x_wconf 93' lang='lat' dir='ltr'>et</span> <span class='ocrx_word' id='word_1_252' title='bbox 1130 3247 1308 3313; x_wconf 86' lang='lat' dir='ltr'>acerbitate</span> <span class='ocrx_word' id='word_1_253' title='bbox 1324 3268 1397 3312; x_wconf 91' lang='lat' dir='ltr'>con-</span> 
     </span>
     <span class='ocr_line' id='line_1_29' title="bbox 171 3351 1396 3437; baseline 0.002 -21"><span class='ocrx_word' id='word_1_254' title='bbox 171 3351 322 3435; x_wconf 88' lang='lat' dir='ltr'>queritur.</span> <span class='ocrx_word' id='word_1_255' title='bbox 363 3357 462 3435; x_wconf 89' lang='lat' dir='ltr'>atque</span> <span class='ocrx_word' id='word_1_256' title='bbox 482 3357 521 3422; x_wconf 81' lang='grc'><strong>,111</strong></span> <span class='ocrx_word' id='word_1_257' title='bbox 536 3352 590 3434; x_wconf 91' lang='lat' dir='ltr'>qui</span> <span class='ocrx_word' id='word_1_258' title='bbox 607 3373 681 3417; x_wconf 91' lang='lat' dir='ltr'>cum</span> <span class='ocrx_word' id='word_1_259' title='bbox 700 3351 823 3417; x_wconf 79' lang='lat' dir='ltr'>Catone</span> <span class='ocrx_word' id='word_1_260' title='bbox 837 3353 959 3416; x_wconf 89' lang='lat' dir='ltr'>Maiore</span> <span class='ocrx_word' id='word_1_261' title='bbox 974 3360 1065 3437; x_wconf 88' lang='lat' dir='ltr'>putet</span> <span class='ocrx_word' id='word_1_262' title='bbox 1080 3359 1239 3418; x_wconf 92' lang='lat' dir='ltr'>oratorem</span> <span class='ocrx_word' id='word_1_263' title='bbox 1254 3373 1327 3419; x_wconf 92' lang='lat' dir='ltr'>esse</span> <span class='ocrx_word' id='word_1_264' title='bbox 1341 3355 1396 3419; x_wconf 92' lang='lat' dir='ltr'>ui-</span> 
     </span>
     <span class='ocr_line' id='line_1_30' title="bbox 169 3457 1397 3546; baseline 0.002 -24"><span class='ocrx_word' id='word_1_265' title='bbox 169 3479 249 3524; x_wconf 91' lang='lat' dir='ltr'>rum</span> <span class='ocrx_word' id='word_1_266' title='bbox 280 3458 419 3523; x_wconf 93' lang='lat' dir='ltr'>bonum</span> <span class='ocrx_word' id='word_1_267' title='bbox 447 3457 603 3524; x_wconf 89' lang='lat' dir='ltr'>dicendi</span> <span class='ocrx_word' id='word_1_268' title='bbox 629 3460 808 3544; x_wconf 89' lang='lat' dir='ltr'>peritum,</span> <span class='ocrx_word' id='word_1_269' title='bbox 832 3457 881 3546; x_wconf 86' lang='lat' dir='ltr'>(of</span> <span class='ocrx_word' id='word_1_270' title='bbox 899 3460 963 3523; x_wconf 87' lang='lat' dir='ltr'>XII</span> <span class='ocrx_word' id='word_1_271' title='bbox 990 3463 1016 3545; x_wconf 85' lang='lat'>1,</span> <span class='ocrx_word' id='word_1_272' title='bbox 1044 3464 1073 3539; x_wconf 91' lang='lat' dir='ltr'>l)</span> <span class='ocrx_word' id='word_1_273' title='bbox 1098 3467 1199 3525; x_wconf 89' lang='lat' dir='ltr'>artem</span> <span class='ocrx_word' id='word_1_274' title='bbox 1224 3461 1397 3525; x_wconf 90' lang='lat' dir='ltr'>oratoriam</span> 
     </span>
    </p>
   </div>
   <div class='ocr_carea' id='block_1_4' title="bbox 168 3707 1397 4586">
    <p class='ocr_par' dir='ltr' id='par_1_4' title="bbox 168 3707 1397 4586">
     <span class='ocr_line' id='line_1_31' title="bbox 261 3707 1397 3779; baseline 0.002 -15"><span class='ocrx_word' id='word_1_275' title='bbox 261 3707 297 3778; x_wconf 70' lang='lat'>¹³)</span> <span class='ocrx_word' id='word_1_276' title='bbox 320 3709 356 3764; x_wconf 79' lang='lat' dir='ltr'>ef</span> <span class='ocrx_word' id='word_1_277' title='bbox 371 3727 530 3779; x_wconf 88' lang='lat' dir='ltr'>responsum</span> <span class='ocrx_word' id='word_1_278' title='bbox 545 3709 618 3776; x_wconf 93' lang='lat' dir='ltr'>quod</span> <span class='ocrx_word' id='word_1_279' title='bbox 636 3709 761 3764; x_wconf 83' lang='lat' dir='ltr'>Seneca</span> <span class='ocrx_word' id='word_1_280' title='bbox 780 3729 797 3765; x_wconf 88' lang='lat' dir='ltr'>a</span> <span class='ocrx_word' id='word_1_281' title='bbox 820 3713 979 3765; x_wconf 89' lang='lat' dir='ltr'>Montano</span> <span class='ocrx_word' id='word_1_282' title='bbox 994 3711 1144 3765; x_wconf 85' lang='lat' dir='ltr'>Votieno</span> <span class='ocrx_word' id='word_1_283' title='bbox 1158 3711 1210 3766; x_wconf 85' lang='lat' dir='ltr'>sibi</span> <span class='ocrx_word' id='word_1_284' title='bbox 1224 3712 1321 3765; x_wconf 85' lang='lat' dir='ltr'>datum</span> <span class='ocrx_word' id='word_1_285' title='bbox 1340 3730 1397 3766; x_wconf 88' lang='lat' dir='ltr'>esse</span> 
     </span>
     <span class='ocr_line' id='line_1_32' title="bbox 169 3799 1397 3868; baseline 0.003 -16"><span class='ocrx_word' id='word_1_286' title='bbox 169 3802 266 3854; x_wconf 83' lang='lat' dir='ltr'>narrat</span> <span class='ocrx_word' id='word_1_287' title='bbox 293 3799 492 3867; x_wconf 83' lang='lat' dir='ltr'>interroganti,</span> <span class='ocrx_word' id='word_1_288' title='bbox 521 3817 568 3852; x_wconf 88' lang='lat' dir='ltr'>cur</span> <span class='ocrx_word' id='word_1_289' title='bbox 594 3816 650 3852; x_wconf 91' lang='lat' dir='ltr'>non</span> <span class='ocrx_word' id='word_1_290' title='bbox 669 3799 847 3863; x_wconf 83' lang='lat' dir='ltr'>declamaret,</span> <span class='ocrx_word' id='word_1_291' title='bbox 876 3800 996 3854; x_wconf 83' lang='lat' dir='ltr'>Controu</span> <span class='ocrx_word' id='word_1_292' title='bbox 1020 3800 1058 3852; x_wconf 89' lang='lat' dir='ltr'>IX</span> <span class='ocrx_word' id='word_1_293' title='bbox 1077 3801 1157 3868; x_wconf 85' lang='lat' dir='ltr'>praef</span> <span class='ocrx_word' id='word_1_294' title='bbox 1180 3803 1201 3854; x_wconf 92' lang='lat'>1.</span> <span class='ocrx_word' id='word_1_295' title='bbox 1227 3803 1251 3854; x_wconf 86' lang='grc'>2.</span> <span class='ocrx_word' id='word_1_296' title='bbox 1275 3803 1300 3854; x_wconf 79' lang='lat' dir='ltr'>l.</span> <span class='ocrx_word' id='word_1_297' title='bbox 1320 3803 1344 3856; x_wconf 85' lang='lat'>5.</span> <span class='ocrx_word' id='word_1_298' title='bbox 1369 3805 1397 3856; x_wconf 87' lang='grc'>01</span> 
     </span>
     <span class='ocr_line' id='line_1_33' title="bbox 169 3888 1396 3957; baseline 0 -14"><span class='ocrx_word' id='word_1_299' title='bbox 169 3889 302 3954; x_wconf 87' lang='lat' dir='ltr'>alterurn,</span> <span class='ocrx_word' id='word_1_300' title='bbox 323 3888 432 3942; x_wconf 77' lang='lat' dir='ltr'>Cassii</span> <span class='ocrx_word' id='word_1_301' title='bbox 452 3888 568 3942; x_wconf 86' lang='lat' dir='ltr'>Seueri</span> <span class='ocrx_word' id='word_1_302' title='bbox 592 3888 671 3952; x_wconf 88' lang='lat' dir='ltr'>illud,</span> <span class='ocrx_word' id='word_1_303' title='bbox 694 3906 799 3956; x_wconf 87' lang='lat' dir='ltr'>exque</span> <span class='ocrx_word' id='word_1_304' title='bbox 819 3889 1003 3957; x_wconf 76' lang='lat' dir='ltr'>quaesiuerrct‚</span> <span class='ocrx_word' id='word_1_305' title='bbox 1023 3889 1120 3957; x_wconf 89' lang='lat' dir='ltr'>quidni</span> <span class='ocrx_word' id='word_1_306' title='bbox 1140 3890 1317 3944; x_wconf 83' lang='lat' dir='ltr'>declamando</span> <span class='ocrx_word' id='word_1_307' title='bbox 1337 3893 1396 3944; x_wconf 85' lang='lat' dir='ltr'>tan·</span> 
     </span>
     <span class='ocr_line' id='line_1_34' title="bbox 169 3978 1397 4048; baseline 0.001 -16"><span class='ocrx_word' id='word_1_308' title='bbox 169 3981 231 4032; x_wconf 82' lang='lat' dir='ltr'>turn</span> <span class='ocrx_word' id='word_1_309' title='bbox 249 3979 356 4032; x_wconf 82' lang='lat' dir='ltr'>ualeret</span> <span class='ocrx_word' id='word_1_310' title='bbox 375 3980 510 4045; x_wconf 85' lang='lat' dir='ltr'>quantum</span> <span class='ocrx_word' id='word_1_311' title='bbox 530 3978 644 4031; x_wconf 87' lang='lat' dir='ltr'>orando:</span> <span class='ocrx_word' id='word_1_312' title='bbox 668 3978 709 4031; x_wconf 94' lang='lat' dir='ltr'>III</span> <span class='ocrx_word' id='word_1_313' title='bbox 727 3978 811 4046; x_wconf 85' lang='lat' dir='ltr'>praef.</span> <span class='ocrx_word' id='word_1_314' title='bbox 843 3980 957 4031; x_wconf 80' lang='grc'><strong>12-14.</strong></span> <span class='ocrx_word' id='word_1_315' title='bbox 998 3978 1028 4031; x_wconf 91' lang='lat' dir='ltr'>in</span> <span class='ocrx_word' id='word_1_316' title='bbox 1051 3997 1105 4046; x_wconf 91' lang='lat' dir='ltr'>quo</span> <span class='ocrx_word' id='word_1_317' title='bbox 1127 3997 1254 4048; x_wconf 87' lang='lat' dir='ltr'>responso</span> <span class='ocrx_word' id='word_1_318' title='bbox 1277 3980 1397 4034; x_wconf 85' lang='lat' dir='ltr'>maximo</span> 
     </span>
     <span class='ocr_line' id='line_1_35' title="bbox 169 4066 1396 4138; baseline 0.002 -17"><span class='ocrx_word' id='word_1_319' title='bbox 169 4067 287 4138; x_wconf 82' lang='lat' dir='ltr'>dignum</span> <span class='ocrx_word' id='word_1_320' title='bbox 305 4069 459 4121; x_wconf 88' lang='lat' dir='ltr'>memoratu</span> <span class='ocrx_word' id='word_1_321' title='bbox 477 4067 588 4121; x_wconf 90' lang='lat' dir='ltr'>uidetur</span> <span class='ocrx_word' id='word_1_322' title='bbox 607 4084 663 4121; x_wconf 88' lang='lat' dir='ltr'>esse</span> <span class='ocrx_word' id='word_1_323' title='bbox 682 4067 745 4121; x_wconf 90' lang='lat' dir='ltr'>hoc:</span> <span class='ocrx_word' id='word_1_324' title='bbox 764 4067 794 4121; x_wconf 89' lang='lat' dir='ltr'>in</span> <span class='ocrx_word' id='word_1_325' title='bbox 813 4067 976 4121; x_wconf 69' lang='lat' dir='ltr'>scholastica</span> <span class='ocrx_word' id='word_1_326' title='bbox 998 4066 1143 4136; x_wconf 78' lang='lat' dir='ltr'>[oratione]</span> <span class='ocrx_word' id='word_1_327' title='bbox 1159 4068 1226 4137; x_wconf 90' lang='lat' dir='ltr'>quid</span> <span class='ocrx_word' id='word_1_328' title='bbox 1240 4086 1295 4122; x_wconf 90' lang='grc'><strong>11011</strong></span> <span class='ocrx_word' id='word_1_329' title='bbox 1305 4087 1396 4138; x_wconf 88' lang='lat' dir='ltr'>super·</span> 
     </span>
     <span class='ocr_line' id='line_1_36' title="bbox 169 4156 1397 4228; baseline 0.001 -17"><span class='ocrx_word' id='word_1_330' title='bbox 169 4174 290 4211; x_wconf 89' lang='lat' dir='ltr'>uacuum</span> <span class='ocrx_word' id='word_1_331' title='bbox 317 4159 367 4222; x_wconf 88' lang='grc'><strong>001,</strong></span> <span class='ocrx_word' id='word_1_332' title='bbox 396 4174 458 4210; x_wconf 86' lang='lat' dir='ltr'>curn</span> <span class='ocrx_word' id='word_1_333' title='bbox 476 4156 552 4226; x_wconf 87' lang='lat' dir='ltr'>ipsa</span> <span class='ocrx_word' id='word_1_334' title='bbox 570 4174 786 4226; x_wconf 86' lang='lat' dir='ltr'>superuacua</span> <span class='ocrx_word' id='word_1_335' title='bbox 805 4156 859 4210; x_wconf 79' lang='lat' dir='ltr'>sit?</span> <span class='ocrx_word' id='word_1_336' title='bbox 877 4186 912 4194; x_wconf 90' lang='lat'><em>-</em></span> <span class='ocrx_word' id='word_1_337' title='bbox 926 4174 961 4210; x_wconf 92' lang='lat' dir='ltr'>ne</span> <span class='ocrx_word' id='word_1_338' title='bbox 988 4157 1046 4226; x_wconf 90' lang='lat' dir='ltr'>ipse</span> <span class='ocrx_word' id='word_1_339' title='bbox 1061 4157 1172 4226; x_wconf 89' lang='lat' dir='ltr'>quidem</span> <span class='ocrx_word' id='word_1_340' title='bbox 1185 4158 1287 4212; x_wconf 79' lang='lat' dir='ltr'>Seneca</span> <span class='ocrx_word' id='word_1_341' title='bbox 1300 4159 1397 4228; x_wconf 86' lang='lat' dir='ltr'>magni</span> 
     </span>
     <span class='ocr_line' id='line_1_37' title="bbox 171 4246 1299 4315; baseline 0 -14"><span class='ocrx_word' id='word_1_342' title='bbox 171 4246 302 4301; x_wconf 84' lang='lat' dir='ltr'>aestimat</span> <span class='ocrx_word' id='word_1_343' title='bbox 321 4264 379 4301; x_wconf 90' lang='lat' dir='ltr'>rem</span> <span class='ocrx_word' id='word_1_344' title='bbox 397 4246 602 4300; x_wconf 88' lang='lat' dir='ltr'>scholasticam:</span> <span class='ocrx_word' id='word_1_345' title='bbox 627 4247 700 4314; x_wconf 86' lang='lat' dir='ltr'>quod</span> <span class='ocrx_word' id='word_1_346' title='bbox 718 4246 866 4315; x_wconf 85' lang='lat' dir='ltr'>intellegas</span> <span class='ocrx_word' id='word_1_347' title='bbox 885 4263 918 4299; x_wconf 85' lang='lat' dir='ltr'>ex</span> <span class='ocrx_word' id='word_1_348' title='bbox 940 4247 965 4299; x_wconf 89' lang='lat' dir='ltr'>X</span> <span class='ocrx_word' id='word_1_349' title='bbox 988 4249 1073 4315; x_wconf 81' lang='lat' dir='ltr'>praef.</span> <span class='ocrx_word' id='word_1_350' title='bbox 1099 4249 1110 4301; x_wconf 88' lang='lat'>1</span> <span class='ocrx_word' id='word_1_351' title='bbox 1136 4247 1180 4300; x_wconf 87' lang='lat' dir='ltr'>his</span> <span class='ocrx_word' id='word_1_352' title='bbox 1198 4248 1299 4301; x_wconf 90' lang='lat' dir='ltr'>uerbis:</span> 
     </span>
     <span class='ocr_line' id='line_1_38' title="bbox 169 4335 1397 4400; baseline 0.002 -11"><span class='ocrx_word' id='word_1_353' title='bbox 169 4336 221 4390; x_wconf 92' lang='lat' dir='ltr'>hoc</span> <span class='ocrx_word' id='word_1_354' title='bbox 243 4336 348 4390; x_wconf 88' lang='lat' dir='ltr'>habent</span> <span class='ocrx_word' id='word_1_355' title='bbox 370 4335 595 4390; x_wconf 86' lang='lat' dir='ltr'>scholasticorum</span> <span class='ocrx_word' id='word_1_356' title='bbox 622 4336 727 4390; x_wconf 88' lang='lat' dir='ltr'>studia:</span> <span class='ocrx_word' id='word_1_357' title='bbox 756 4335 857 4389; x_wconf 87' lang='lat' dir='ltr'>leuiter</span> <span class='ocrx_word' id='word_1_358' title='bbox 884 4338 961 4389; x_wconf 86' lang='lat' dir='ltr'>tacta</span> <span class='ocrx_word' id='word_1_359' title='bbox 988 4336 1140 4400; x_wconf 88' lang='lat' dir='ltr'>delectant,</span> <span class='ocrx_word' id='word_1_360' title='bbox 1169 4340 1340 4392; x_wconf 86' lang='lat' dir='ltr'>contrectata</span> <span class='ocrx_word' id='word_1_361' title='bbox 1368 4341 1397 4392; x_wconf 91' lang='grc'>01</span> 
     </span>
     <span class='ocr_line' id='line_1_39' title="bbox 168 4424 1396 4494; baseline 0.002 -16"><span class='ocrx_word' id='word_1_362' title='bbox 168 4424 281 4494; x_wconf 82' lang='grc'><strong>1110111110</strong></span> <span class='ocrx_word' id='word_1_363' title='bbox 300 4426 413 4479; x_wconf 85' lang='lat' dir='ltr'>admoto</span> <span class='ocrx_word' id='word_1_364' title='bbox 434 4424 580 4479; x_wconf 86' lang='lat' dir='ltr'>fastidio</span> <span class='ocrx_word' id='word_1_365' title='bbox 607 4429 679 4480; x_wconf 89' lang='lat' dir='ltr'>sunt.</span> <span class='ocrx_word' id='word_1_366' title='bbox 704 4428 846 4479; x_wconf 87' lang='lat' dir='ltr'>-totum</span> <span class='ocrx_word' id='word_1_367' title='bbox 869 4425 1024 4480; x_wconf 88' lang='lat' dir='ltr'>scholarum</span> <span class='ocrx_word' id='word_1_368' title='bbox 1047 4428 1152 4481; x_wconf 84' lang='lat' dir='ltr'>statum</span> <span class='ocrx_word' id='word_1_369' title='bbox 1170 4426 1244 4480; x_wconf 90' lang='lat' dir='ltr'>uiuis</span> <span class='ocrx_word' id='word_1_370' title='bbox 1262 4427 1396 4482; x_wconf 85' lang='lat' dir='ltr'>coloribus</span> 
     </span>
     <span class='ocr_line' id='line_1_40' title="bbox 169 4513 1395 4586; baseline 0.002 -18"><span class='ocrx_word' id='word_1_371' title='bbox 169 4513 299 4586; x_wconf 84' lang='lat' dir='ltr'>depmgit</span> <span class='ocrx_word' id='word_1_372' title='bbox 313 4513 600 4571; x_wconf 79' lang='lat' dir='ltr'>Friedlaenderus</span> <span class='ocrx_word' id='word_1_373' title='bbox 610 4515 639 4568; x_wconf 92' lang='lat' dir='ltr'>in</span> <span class='ocrx_word' id='word_1_374' title='bbox 649 4514 788 4571; x_wconf 86' lang='lat' dir='ltr'>Historiae</span> <span class='ocrx_word' id='word_1_375' title='bbox 797 4515 904 4569; x_wconf 89' lang='lat' dir='ltr'>Morum</span> <span class='ocrx_word' id='word_1_376' title='bbox 915 4516 1101 4572; x_wconf 89' lang='lat' dir='ltr'>Romanorum</span> <span class='ocrx_word' id='word_1_377' title='bbox 1116 4515 1162 4569; x_wconf 89' lang='grc'><strong>1101</strong></span> <span class='ocrx_word' id='word_1_378' title='bbox 1175 4516 1216 4570; x_wconf 90' lang='lat' dir='ltr'>III</span> <span class='ocrx_word' id='word_1_379' title='bbox 1230 4534 1249 4586; x_wconf 94' lang='lat' dir='ltr'>p</span> <span class='ocrx_word' id='word_1_380' title='bbox 1264 4518 1395 4572; x_wconf 81' lang='lat'><strong>285-95.</strong></span> 
     </span>
    </p>
   </div>
   <div class='ocr_carea' id='block_1_5' title="bbox 0 0 1577 4942">
    <p class='ocr_par' dir='ltr' id='par_1_5' title="bbox 0 0 1577 4942">
     <span class='ocr_line' id='line_1_41' title="bbox 0 0 1577 4942; baseline 0 0"><span class='ocrx_word' id='word_1_381' title='bbox 0 0 1577 4942; x_wconf 95' lang='lat' dir='ltr'> </span> 
     </span>
    </p>
   </div>
  </div>
 </body>
</html>
