3128 4942
678 263 889 362 ΔΞ.-

169 439 277 507 dieta
299 439 347 506 ad
370 447 593 527 corruptam
617 441 884 525 eloquentiam
907 441 1107 528 pertinere
1134 440 1396 508 demonstrabam

169 547 341 616 breuitatis
365 568 467 616 causa
489 547 634 616 indicare
657 549 785 616 nomine
808 548 855 617 de
878 550 1007 617 causis
1031 548 1131 615 libri.
1177 547 1265 632 quod
1288 569 1396 632 quam-

168 656 223 723 uis
245 675 309 722 non
337 656 508 722 conuenire
535 656 618 723 bene
647 655 776 723 uideam
809 677 881 724 oum
913 663 1029 723 exacta
1056 656 1137 724 artis
1164 662 1296 722 nostrae
1324 656 1397 722 snb·

170 762 302 849 tilitate,
325 770 434 830 tamen
457 771 629 850 propterea
651 763 730 830 mihi
752 764 897 851 permitti
910 785 1009 851 posse
1022 764 1213 851 putauerim,
1237 764 1313 849 quia
1327 765 1396 831 sine

168 869 269 937 dubio
292 871 399 956 magis
422 879 535 940 nostra
558 874 694 941 interest
716 872 825 940 Taciti
848 879 880 938 et
898 872 993 938 Fabii
1016 871 1058 938 de
1081 878 1151 939 arte
1174 892 1254 939 suae
1277 871 1396 938 aetatis

169 978 332 1046 rhetorica
355 979 502 1048 conferre
524 980 675 1048 iudicia
698 1001 795 1064 qnam
816 981 946 1047 libros.

258 1087 432 1174 Reputanti
457 1108 541 1172 quae
560 1089 800 1175 exponebamus
814 1087 856 1155 de
872 1094 1044 1174 corruptae
1060 1087 1265 1171 eloquentiae
1278 1092 1396 1153 natura

169 1194 226 1260 uix
240 1193 396 1262 credibile
410 1193 573 1262 uidebitur
587 1195 689 1264 luisse
703 1197 758 1281 qui
772 1196 1004 1263 arbitrarentur
1016 1232 1060 1242 —
1073 1196 1157 1262 inter
1171 1214 1251 1278 quos
1267 1192 1396 1279 quidem

169 1301 269 1367 etiam
292 1301 592 1370 Gruenwaldius
615 1288 821 1389 reponendus
845 1311 903 1389 est,
927 1341 970 1351 -
992 1303 1134 1387 Dialogo
1163 1303 1219 1386 agi
1243 1301 1284 1368 de
1307 1301 1395 1369 illius

168 1408 287 1476 causis.
328 1408 409 1475 nihil
431 1411 540 1478 hercle
562 1410 676 1477 minus.
723 1417 873 1498 corrupta
897 1411 1082 1496 eloquentia
1106 1430 1208 1496 genus
1232 1409 1396 1495 quoddam

169 1522 220 1583 est
247 1515 393 1583 dicendi:
426 1516 579 1583 facundia
611 1523 662 1584 est
688 1518 799 1584 morbo
827 1518 994 1604 implicata
1022 1519 1075 1585 uel
1103 1520 1177 1605 ipsa
1210 1524 1261 1584 est
1291 1517 1395 1603 pestis

168 1623 288 1707 aliqua.
333 1625 417 1691 hano
449 1630 568 1691 tracmt
596 1630 629 1691 et
656 1624 810 1710 increpat,
842 1624 936 1691 huius
964 1645 1083 1692 causas
1112 1626 1267 1711 explanat
1297 1623 1395 1702 Quin-

168 1729 310 1798 tilianus.
357 1738 469 1798 contra
500 1731 636 1799 Tacitus
666 1731 738 1799 siue
770 1752 930 1818 personae
958 1733 1000 1798 ab
1029 1753 1068 1799 eo
1097 1730 1249 1798 inductae
1277 1752 1395 1799 causas

167 1836 336 1925 indagant,
360 1839 475 1923 quibus
499 1838 621 1907 iactum
644 1840 695 1925 sit,
728 1845 764 1906 ut
793 1839 1010 1920 „descisceret
1038 1840 1222 1924 eloquentia
1245 1861 1266 1906 a
1289 1839 1394 1925 gloria

167 1952 307 2019 uetere.“
355 1946 391 2014 of
415 1968 434 2015 c
457 1951 509 2014 28.
565 1947 677 2031 itaque
710 1948 825 2015 Tacito
862 1968 927 2013 non
963 1955 1085 2014 eertum
1122 1948 1254 2032 aliquod
1292 1968 1395 2032 genus

166 2054 307 2139 dicendi,
331 2055 494 2123 diuersum
516 2055 597 2121 illud
620 2077 641 2121 a
664 2076 750 2140 uero,
775 2076 871 2123 curae
896 2063 954 2141 est,
979 2055 1038 2122 sed
1061 2054 1155 2123 lectis
1175 2075 1285 2122 eorum
1302 2054 1393 2122 libris

167 2162 224 2247 qui
245 2162 321 2229 inde
344 2184 366 2228 a
388 2163 496 2229 Tullio
519 2163 648 2229 fuerunt
670 2163 855 2246 auditisque
885 2164 940 2247 qui
968 2185 1028 2230 sua
1052 2170 1162 2230 aetate
1184 2163 1300 2230 florent
1322 2184 1393 2229 ora·

165 2270 290 2337 toribus
313 2271 360 2336 ita
383 2269 541 2354 adficitur,
572 2275 608 2336 ut
631 2269 849 2353 eloquentiam
871 2291 892 2337 a
916 2271 1049 2354 fastigio
1074 2271 1217 2354 quodam
1240 2269 1285 2336 ad
1308 2271 1394 2354 quod

165 2377 263 2445 fuerit
289 2383 445 2463 prouecta
473 2382 506 2444 et
532 2376 658 2462 pridem
685 2376 856 2463 delapsam
885 2397 959 2445 esse
989 2384 1021 2444 et
1044 2383 1110 2443 tum
1134 2397 1261 2462 quoque
1284 2376 1394 2444 delabi

166 2485 295 2552 sentiat.
320 2504 382 2567 quo
399 2504 497 2550 sensu
513 2490 546 2551 et
559 2483 679 2550 iudicio
693 2483 877 2570 impellitur,
891 2491 927 2550 ut
941 2490 1126 2569 eognoscat,
1140 2504 1281 2567 quonam
1293 2483 1390 2550 modo

163 2591 224 2658 illa
259 2591 352 2656 ruina
386 2598 498 2657 exorta
530 2591 586 2658 sit:
619 2597 655 2657 ut
683 2598 819 2675 quaerat
851 2591 896 2658 de
929 2592 1062 2658 causis
1095 2590 1327 2658 deminutae·
1357 2597 1394 2656 θῖ

165 2699 317 2766 fractae
342 2699 600 2782 eloquentiae.
646 2699 697 2767 his
721 2699 807 2766 enim
829 2700 962 2767 uocibus
986 2699 1086 2766 utitur
1099 2697 1392 2766 Messalccussf.

164 2814 199 2875 et
221 2827 312 2874 uere:
337 2807 366 2873 si
387 2806 466 2872 mihi
489 2807 625 2891 contigit
648 2827 732 2891 quae
755 2808 921 2876 nolueram
945 2807 1026 2874 satis
1045 2806 1217 2893 perspicue
1236 2807 1393 2892 proloqui,

165 2915 272 2999 quiuis
295 2914 471 2999 intelleget,
486 2915 524 2988 ‚si
547 2914 662 2980 Tacito
686 2914 721 2979 in
744 2915 850 2979 animo
875 2914 991 2980 fuisset
1009 2914 1145 2997 Dialogi
1168 2921 1393 2997 argumentum

166 3022 260 3088 titulo
284 3023 477 3108 significare,
501 3043 574 3089 eum
596 3022 686 3088 aliud
709 3043 826 3089 nomen
848 3023 896 3088 illi
919 3022 1032 3090 indere
1054 3044 1119 3089 non
1133 3023 1279 3108 potuisse
1295 3043 1391 3106 quam

165 3128 201 3194 id
224 3130 311 3213 quod
326 3129 470 3198 dixerim.
503 3128 615 3197 titulus
639 3131 722 3196 enim
746 3130 800 3214 qui
825 3135 875 3197 est
897 3129 939 3197 de
963 3131 1071 3198 causis
1095 3135 1304 3215 corruptae
1328 3130 1392 3195 elo-

166 3237 319 3320 quentiae
350 3238 438 3303 nullo
466 3237 561 3304 modo
590 3245 687 3324 aptus
715 3243 765 3304 θεῖ
799 3237 843 3304 ad
870 3258 911 3304 ea
941 3258 1024 3321 quae
1047 3238 1157 3305 libello
1182 3237 1393 3305 eontinentur.

166 3365 251 3428 quae
275 3344 404 3428 quidem
427 3345 568 3412 breuiter
591 3345 822 3432 comprehensa
846 3352 920 3412 sunt
942 3345 1010 3412 fere
1034 3345 1130 3411 haec:

255 3451 351 3517 Artes
380 3450 413 3515 in
441 3450 549 3518 uerbis
577 3458 610 3517 θῖ
638 3472 784 3518 sermone
815 3452 944 3538 positae
976 3458 1050 3518 sunt
1083 3451 1182 3517 duae:
1220 3450 1331 3536 poesis
1352 3457 1393 3516 ’θῖ

166 3557 361 3642 eloquentia.
406 3558 517 3644 poesis
545 3564 582 3623 ut
610 3578 694 3641 quae
723 3567 870 3627 uersatur
896 3559 929 3624 in
957 3559 1053 3625 rebus
1078 3579 1098 3624 a
1122 3558 1281 3625 communi
1303 3559 1392 3624 uitae

165 3685 227 3731 usu
250 3665 375 3750 alienis,
399 3665 493 3749 quasi
517 3663 628 3730 diuina
653 3673 703 3732 est
726 3673 758 3732 et
781 3666 1015 3733 immortalibus
1040 3686 1143 3732 sacra.
1186 3666 1390 3750 eloquentiae

167 3779 218 3838 est
250 3773 283 3837 in
319 3773 379 3838 fori
410 3771 665 3854 iudiciorumque
698 3773 834 3858 strepitu
871 3772 1024 3858 proeliari
1056 3772 1097 3838 de
1130 3773 1276 3840 omnibus
1309 3792 1392 3856 quae

166 3878 329 3945 hominum
351 3879 452 3945 uitam
475 3878 586 3944 utilem
610 3885 642 3944 et
670 3878 843 3945 iucundam
870 3879 1022 3946 reddunt:
1055 3880 1222 3963 utriusque
1251 3900 1311 3946 sua
1343 3886 1393 3945 est

166 3985 319 4072 dignitas,
352 3994 488 4071 utraque
518 4006 576 4052 suo
606 3985 709 4070 fulget
731 3986 861 4054 bonore.
887 4025 928 4034 -—
952 3986 1004 4053 his
1027 3986 1216 4073 praemissis
1240 4007 1258 4051 o
1283 3989 1324 4053 14
1347 3983 1391 4049 ad

166 4093 384 4176 eloquentiam
417 4095 521 4161 solam
551 4093 713 4177 Dialogus
748 4114 784 4161 se
816 4095 983 4162 conuertit.
1009 4101 1149 4162 —sunt
1180 4093 1234 4177 qui
1262 4095 1295 4159 in
1322 4099 1420 4159 arte·

166 4198 297 4266 dicendi
328 4207 455 4268 ueteres
488 4201 622 4267 laudent
654 4206 687 4267 et
714 4200 885 4286 imitentur,
919 4208 992 4268 sunt
1021 4201 1075 4286 qui
1102 4207 1265 4267 recentes:
1299 4206 1332 4265 et
1358 4200 1392 4265 hi

166 4306 297 4392 quidem
329 4306 373 4372 ad
406 4328 478 4373 eam
510 4308 634 4376 saeculi
663 4306 909 4374 admirationem
936 4308 1123 4394 procedunt,
1152 4315 1273 4373 utnon
1296 4306 1391 4374 modo

165 4435 268 4482 nouos
290 4415 390 4480 multo
414 4414 563 4482 meliores
586 4420 699 4501 putent
723 4433 796 4481 esse
824 4434 921 4498 quam
953 4422 1089 4499 ueteres,
1123 4414 1182 4482 sed
1211 4414 1308 4480 etiam
1332 4414 1392 4481 hos

166 4523 353 4609 uituperent
377 4533 409 4590 et
432 4520 653 4591 condemnent.
698 4528 734 4590 at
757 4530 807 4590 θεῖ
830 4522 895 4589 ita:
919 4522 1038 4597 defecit
1062 4521 1246 4606 eloquentia
1270 4542 1290 4587 a
1309 4543 1345 4590 εθ
1360 4530 1392 4589 et
