3128 4942
814 718 873 773 Η

421 1023 729 1121 Conspectus
760 1019 1203 1101 commentationis.

756 1179 863 1195 ΑΛΜΛΛ

197 1271 372 1338 Praefatio.

198 1379 222 1445 0
259 1380 293 1442 I:
332 1379 383 1444 De
411 1376 611 1454 Quintiliano
638 1375 713 1441 libri
741 1374 782 1440 de
810 1374 919 1441 causis
948 1380 1117 1460 corruptae
1146 1374 1209 1440 elo·

336 1484 487 1568 quentiae
511 1490 650 1549 auctore.
692 1481 733 1547 de
756 1481 985 1547 uocabulorum
1008 1501 1211 1568 corrumpere

338 1597 370 1656 et
393 1597 560 1675 corruptus
583 1610 643 1656 usu
667 1587 886 1665 Quintilianeo
931 1638 1204 1657 ,,,,,,,
1246 1611 1268 1675 p
1317 1595 1424 1661 1-3

200 1698 224 1764 0
256 1699 301 1762 ll:
336 1699 386 1763 De
418 1697 499 1763 locis
537 1716 577 1761 ex
615 1715 712 1781 opere
748 1694 871 1760 minore
907 1695 940 1758 in
972 1694 1210 1761 institutionem

338 1803 507 1870 translatis
529 1853 1204 1871 ................
1247 1825 1268 1889 p
1314 1808 1426 1875 4-10

199 1911 307 1976 OHI:
332 1911 383 1976 De
402 1916 552 1996 corrupta
576 1910 760 1992 eloquentia
780 1908 885 1992 deque
910 1908 979 1975 eius
1000 1909 1109 1975 causis
1133 1909 1211 1992 quid

331 2018 468 2084 senserit
491 2015 710 2090 Quintilianus
750 2067 1203 2085 ...........
1245 2039 1267 2103 p
1294 2022 1422 2088 11-27

198 2125 304 2190 CIV:
329 2124 380 2189 De
404 2124 562 2208 corruptis
587 2121 692 2205 deque
716 2121 785 2189 eius
809 2121 968 2207 oppositis
976 2175 1201 2191 ......
1244 2146 1266 2210 p
1291 2129 1424 2196 28-42

462 2231 502 2285 De
521 2230 624 2284 Seneca
878 2230 918 2284 De
936 2229 1011 2283 Julio
1030 2229 1160 2285 Africano

462 2319 503 2372 De
522 2317 614 2372 Cassio
633 2317 732 2372 Seuero
879 2318 919 2372 De
937 2319 967 2372 M
985 2319 1059 2387 Apro

462 2408 502 2461 De
520 2408 606 2460 Fusco
625 2406 729 2460 Arellio
881 2407 921 2461 De
939 2408 1014 2461 Julio
1033 2408 1156 2464 Secundo

462 2497 502 2551 De
521 2495 632 2564 Papirio
650 2495 773 2550 Fabiano
884 2496 925 2550 De
943 2497 1051 2551 Vitorio
1069 2499 1199 2553 Marcello

461 2586 502 2639 De
521 2584 612 2639 Cestio
631 2585 681 2640 Pio
882 2586 923 2640 De
941 2586 1077 2656 Vipstano
1095 2588 1214 2642 Messala

462 2675 503 2729 De
521 2673 604 2729 Junio
623 2674 751 2729 Gallione
886 2676 927 2730 De
945 2676 1036 2730 Plinio
1055 2676 1178 2731 Secundo

460 2764 501 2818 De
520 2762 614 2817 Curtio
633 2762 705 2817 Rufo

196 2852 221 2917 C
253 2853 297 2917 V:
332 2850 403 2928 Quo
427 2858 572 2937 tempore
600 2852 641 2917 de
669 2853 777 2918 causis
806 2859 976 2938 corruptae
1005 2851 1208 2937 eloquentiae

329 2957 411 3024 liber
434 2958 476 3024 sit
500 2958 701 3044 conscriptus
746 3010 1200 3028 ...........
1243 2983 1265 3047 p
1289 2965 1423 3030 43-52

338 3111 343 3121 .
372 3065 506 3119 Excursus
525 3067 550 3120 I:
575 3066 608 3120 de
626 3065 734 3120 ratione
752 3083 809 3133 qua
826 3066 930 3135 prodiit
943 3066 1109 3120 Institutio.
1147 3107 1154 3122 .
1192 3088 1215 3122 .·
1243 3072 1265 3136 p
1289 3053 1421 3119 52-53

371 3155 505 3208 Excursus
523 3155 563 3209 H:
590 3155 623 3209 de
642 3154 834 3209 emendatione
851 3155 891 3209 VI
909 3173 1020 3224 prooem
1038 3155 1070 3222 §Q
1089 3156 1106 3209 3
1125 3159 1153 3210 et
1174 3158 1207 3211 13
1243 3161 1265 3225 p
1288 3143 1422 3208 53-55

196 3240 220 3305 O
243 3243 301 3306 VI:
324 3242 413 3308 Inter
427 3241 618 3319 Quintiliani
633 3243 674 3308 de
688 3242 797 3310 causis
819 3251 989 3329 corruptae
1004 3244 1207 3327 eloquentiae

326 3348 441 3414 librum
469 3357 501 3414 et
523 3350 631 3417 Taciti
659 3350 905 3418 decretoribus
934 3351 1100 3435 dialogum
1124 3373 1207 3436 quae

326 3455 506 3522 intercedat
528 3458 612 3522 ratio
657 3509 1198 3527 .............
1242 3482 1263 3546 p
1287 3463 1420 3529 56-63

194 3560 302 3627 CVII:
326 3562 364 3627 In
394 3564 549 3628 memoria
581 3564 760 3629 litterarum
795 3584 888 3648 quem
920 3565 1026 3631 locum
1063 3565 1207 3631 obtineat

328 3669 512 3752 eloquentia
537 3667 728 3745 Quintiliani
744 3723 1197 3742 ...........
1240 3676 1421 3760 put-72
1538 3728 1541 3735 .
