3128 4942
847 211 890 274 26

256 402 382 468 illorum
414 404 556 469 moribus
593 404 751 488 corruptis
790 405 949 488 corrumpi
986 404 1048 470 sibi
1080 403 1264 488 persuadet.
1311 411 1343 469 11
1367 402 1412 468 ad
1434 404 1481 468 11-

255 509 374 575 dicium
397 532 533 596 prauum
554 512 716 596 pertinent
739 517 772 576 et
797 509 841 575 ad
862 511 1029 576 mollitiem
1054 532 1137 594 quae
1165 510 1244 575 dicit
1267 511 1344 575 VIII
1368 513 1397 595 3,
1423 513 1480 577 23:

257 614 377 703 [agitur
401 618 441 683 de
464 619 537 683 lusu
562 618 702 701 quodam
724 616 905 705 uerborum]
931 639 983 684 res
999 669 1005 683 .
1021 669 1028 683 .
1043 669 1074 683 ..
1097 604 1271 702 praecipue
1303 618 1336 681 in
1361 616 1482 684 scholis

255 745 375 811 anceps
400 733 433 791 et
455 725 640 810 frequenter
663 746 764 791 causa
786 727 884 810 risus,
908 746 992 791 nunc
1016 727 1144 810 utique,
1177 746 1249 790 eum
1280 724 1362 789 haec
1391 744 1481 789 exer-

255 832 366 896 citatio
403 833 516 918 procul
544 853 564 896 a
596 833 734 898 ueritate
767 834 913 898 seiuncta
946 834 1072 898 laboret
1102 830 1284 897 incredibili
1310 833 1481 896 uerborum

254 938 387 1005 fastidio
412 960 451 1004 ac
475 940 538 1005 sibi
566 960 718 1022 magnam
744 946 870 1024 partem
898 941 1054 1005 sermonis
1078 937 1312 1024 abscideritffi)
1336 977 1379 985 -
1402 938 1481 1002 mol-

253 1045 355 1111 litiem
379 1047 585 1129 aliquatenus
609 1053 746 1129 tangunt
776 1067 859 1130 quae
886 1048 934 1111 XI
958 1050 987 1132 3,
1012 1050 1053 1113 57
1083 1046 1124 1111 (11
1152 1046 1313 1110 cantando
1342 1047 1481 1110 exstant.

255 1151 295 1216 de
319 1154 494 1220 ambitione
518 1153 772 1221 declamatorum
793 1154 826 1218 X
851 1157 878 1238 7,
903 1157 943 1219 21
968 1153 1091 1238 profert
1117 1153 1213 1218 haec:
1244 1152 1481 1218 declamatores

254 1259 412 1341 quosdam
434 1282 590 1346 peruersa
614 1261 703 1326 ducit
730 1261 876 1345 ambitio,
908 1268 944 1326 ut
974 1261 1123 1345 exposita
1156 1261 1376 1325 controuersia
1407 1280 1480 1343 pro-

253 1369 343 1433 tinus
368 1368 476 1434 dicere
505 1369 619 1454 uelint,
643 1369 719 1452 quin
743 1369 852 1453 etiam,
881 1367 968 1452 quod
1000 1375 1050 1433 est
1082 1368 1228 1452 inprimis
1258 1367 1407 1433 friuolum
1440 1387 1481 1431 ac

254 1475 445 1560 scaenicum,
468 1476 601 1541 uerbum
623 1482 737 1561 petant
760 1496 822 1559 quo
846 1476 1011 1561 incipiant.
1058 1473 1117 1540 sed
1140 1481 1207 1538 tam
1230 1473 1480 1539 contumeliosos

253 1581 286 1644 in
314 1601 350 1647 se
377 1581 463 1647 ridet
486 1583 670 1666 eloquentia
694 1604 760 1665 eqs.
778 1621 814 1629 -
841 1603 912 1648 oum
936 1583 1110 1648 ambitione
1133 1581 1360 1664 magistrorum
1384 1579 1480 1646 disci-

252 1687 400 1772 pulorum
424 1690 575 1756 cohaeret
598 1689 722 1755 tumida
745 1691 888 1774 uanitas,
926 1711 1022 1773 quam
1057 1689 1179 1754 Fabius
1212 1689 1259 1752 ita
1291 1687 1481 1772 perstringit

252 1795 284 1858 II
301 1799 328 1880 1,
354 1798 409 1861 121
436 1793 511 1883 [non
522 1797 599 1861 uult
622 1797 849 1863 adulescentes
864 1798 947 1861 inter
971 1817 1007 1863 11
1030 1796 1167 1861 laudare
1181 1801 1213 1860 11
1228 1792 1477 1882 reprehendere]

253 1908 288 1966 at
310 1922 395 1967 nunc
417 1904 510 1987 proni
533 1910 631 1986 atque
652 1905 806 1969 succincti
830 1902 874 1968 ad
889 1924 1013 1968 omnem
1029 1902 1209 1967 clausulam
1222 1922 1287 1966 non
1302 1908 1481 1984 exsurgunt

252 2008 357 2094 modo,
380 2029 492 2074 uerum
516 2011 613 2074 etiam
641 2016 812 2075 excurrunt
836 2017 868 2077 et
891 2031 962 2074 oum
985 2008 1139 2074 indecora
1163 2009 1380 2075 exsultatione
1404 2029 1478 2072 con-

253 2115 408 2180 clamant:
433 2116 467 2180 id
489 2123 631 2182 mutuum
656 2123 706 2183 111
729 2115 1235 2183 111111(111111111111111111111.
1281 2115 1355 2180 hinc
1374 2122 1479 2180 tumor

253 2229 286 2288 et
307 2243 394 2287 uana
418 2223 459 2289 de
484 2243 519 2290 se
541 2223 768 2312 persuasio.1⁷)
793 2263 836 2273 -
867 2224 927 2291 sed
955 2225 1150 2307 grauissima
1183 2223 1315 2289 crimina
1344 2243 1478 2306 quorum

252 2330 397 2396 rhetores
420 2331 585 2397 iusimulat
604 2333 721 2417 repetit
745 2353 784 2398 11
804 2333 914 2397 enerui
932 2332 1111 2417 uoluptatis
1131 2330 1247 2415 studio,
1271 2351 1333 2413 quo
1349 2328 1477 2395 adules-

253 2444 380 2502 centum
403 2439 502 2502 animi
525 2437 570 2503 ad
593 2438 824 2524 turpitudinem
851 2439 1067 2523 adducantur,
1099 2443 1223 2502 mentes
1256 2435 1300 2501 ad
1322 2435 1476 2501 iudicium

251 2547 498 2630 pronissimum:
524 2545 606 2612 haec
630 2548 832 2612 continentur
859 2547 886 2611 V
918 2549 968 2630 12,
1002 2548 1142 2612 17-231
1168 2565 1262 2629 quem
1284 2545 1390 2611 locum
1412 2544 1478 2608 iam

251 2673 295 2736 pp
311 2656 332 2717 4
347 2673 385 2735 sq
400 2652 503 2718 attuli.

342 2777 491 2843 Ceterum
514 2777 741 2864 Quintilianus,
764 2815 807 2824 —
830 2799 872 2844 ne
895 2777 930 2842 id
952 2779 1216 2864 praetermittam,
1236 2815 1270 2824 —
1295 2776 1356 2842 etsi
1379 2796 1477 2842 ueras

251 2884 304 2949 uel
336 2885 485 2950 ueritatis
518 2885 699 2951 simillimas
732 2903 849 2952 causas
881 2893 975 2971 putat
1006 2886 1040 2949 in
1074 2885 1193 2951 scholis
1223 2904 1296 2950 esse
1320 2883 1476 2969 agendas,

251 2997 359 3057 tamen
377 2991 538 3057 interdum
560 2992 714 3059 materias
738 2992 1017 3058 delectationis
1041 3013 1142 3058 causa
1165 2991 1259 3057 fictas
1280 2998 1312 3056 et
1330 2991 1477 3075 poeticas

251 3105 391 3164 tractare
414 3099 579 3183 permittit.
628 3098 668 3164 de
692 3120 756 3182 qua
778 3120 814 3165 re
838 3099 969 3166 disserit
991 3100 1023 3163 ll
1049 3102 1097 3184 10,
1122 3101 1177 3164 9-
1192 3100 1240 3183 12,
1265 3098 1355 3163 11111
1376 3096 1476 3182 expli-

252 3206 389 3271 cationis
412 3206 446 3270 in
469 3205 533 3272 fine
556 3207 779 3291 complectitur
802 3228 885 3291 quae
916 3207 1015 3273 sentit
1042 3205 1083 3271 de
1111 3226 1172 3272 usu
1199 3211 1287 3271 recto
1316 3203 1477 3270 declama·

250 3312 348 3378 tionis
370 3313 455 3379 hunc
478 3313 511 3377 in
534 3312 676 3378 modum:
710 3312 744 3400 (ξ
776 3317 828 3391 12)
853 3312 1047 3379 declamatio
1081 3313 1231 3397 quoniam
1265 3319 1315 3378 est
1342 3311 1475 3377 iudicio-

249 3440 320 3484 rum
343 3419 611 3502 consiliorumque
634 3421 751 3506 imago,
783 3420 897 3487 similis
926 3440 999 3486 esse
1027 3419 1124 3486 debet
1150 3420 1295 3485 ueritati:
1325 3419 1475 3502 quoniam

250 3531 358 3591 autem
382 3526 507 3610 aliquid
529 3528 563 3591 in
587 3547 622 3593 se
653 3528 752 3593 habet
781 3527 982 3612 ἐπιδεικτικὸν,
1010 3527 1155 3593 nonnihil
1184 3527 1246 3592 sibi
1273 3527 1386 3592 1111111
1419 3524 1475 3590 ad-

251 3653 385 3699 sumere.
430 3671 471 3681 -
510 3654 647 3717 quocum
674 3635 749 3700 sunt
790 3633 984 3699 conferenda
1021 3655 1105 3718 quae
1145 3633 1296 3717 leguntur
1334 3634 1367 3697 in
1403 3633 1476 3714 §§¹⁸

343 3845 378 3914 ¹⁶)
412 3848 446 3902 Cf
475 3849 621 3904 Senecae
648 3849 768 3904 Controu
795 3849 835 3902 IV
869 3848 950 3918 praef
971 3850 999 3901 il:
1119 3848 1256 3915 quaedam
1281 3846 1473 3913 [uerbal....

249 3938 359 3992 scholae
377 3937 434 3992 iam
453 3939 532 4007 quasi
551 3939 684 3993 obscoeno
701 3938 846 4007 refugiunt
872 3956 923 3992 nec
948 3937 971 3991 si
1000 3953 1071 4005 quac
1098 3936 1248 3990 sordidiora
1274 3938 1339 3989 sunt
1366 3938 1416 3989 aut
1442 3954 1476 3990 11

250 4027 389 4082 cotidiano
407 4046 459 4081 usn
476 4028 597 4098 repetita
614 4030 729 4097 possunt
747 4027 816 4096 pati.
837 4057 868 4064 -
890 4025 1056 4081 Albucius
1074 4042 1109 4079 nc
1127 4025 1307 4079 scholasticus
1325 4025 1473 4091 uideretur,

249 4133 292 4170 res
311 4116 421 4172 dicebat
439 4118 563 4171 omnium
581 4116 780 4172 sordidissimas
800 4116 863 4184 (VII
882 4115 963 4186 praef
978 4116 1004 4170 3.
1024 4114 1059 4183 1).

345 4221 377 4292 Π)
391 4224 617 4279 Adulescentium
632 4243 649 4279 a
662 4224 757 4294 prauis
770 4223 912 4294 magistris
926 4223 1068 4277 doctorum
1082 4221 1256 4291 impudentia
1270 4225 1377 4290 quanta
1390 4221 1474 4276 fuerit

249 4312 877 4383 1111111111,(11111111111Ρ1111111111Π
900 4313 997 4367 11111
1021 4329 1077 4380 qua
1100 4311 1169 4365 haec
1192 4314 1257 4365 sunt
1280 4312 1306 4378 (ξ
1330 4311 1373 4378 1);
1401 4328 1474 4364 1111

248 4402 373 4457 refractis
391 4403 502 4472 pudoris
521 4405 549 4457 et
560 4402 730 4457 reuerentiae
750 4401 876 4456 claustris
894 4400 988 4455 omnia
1006 4403 1106 4469 patent
1119 4400 1253 4464 omnibus,
1272 4416 1323 4453 nec
1340 4398 1472 4452 inducun-

249 4495 296 4546 tur
314 4492 360 4547 sed
374 4492 545 4561 inrumpunt.
574 4494 702 4545 secuntur
716 4492 853 4546 auditores
863 4489 1001 4545 actoribus
1019 4489 1130 4556 similes,
1150 4487 1278 4544 conducti
1288 4491 1316 4542 et
1329 4488 1472 4558 redempti.
