3128 4942
754 218 797 286 58

165 412 308 499 perdidit
329 414 499 500 pristinam
520 414 659 482 laudem
706 414 796 481 cuius
823 414 870 481 rei
899 434 1020 481 causae
1045 420 1119 480 sunt
1141 414 1273 499 multae,
1302 412 1395 479 etin

166 521 240 607 ipsa
262 520 416 588 facundia
440 522 573 605 eiusque
597 521 714 588 studiis
737 522 866 607 positae
890 530 922 588 et
946 521 1146 588 extrinsecus
1170 520 1313 588 adlatae
1348 527 1394 586 et

168 628 250 693 enim
275 629 329 712 qui
353 628 556 696 destinantur
579 629 642 695 iam
666 630 757 715 pueri
781 629 824 695 ad
847 629 976 715 publice
992 627 1122 694 dicendi
1137 648 1262 714 munus,
1284 648 1394 711 neque

164 736 211 799 ita
234 735 412 802 educantur
434 757 455 802 a
469 737 658 823 parentibus
678 757 782 820 neque
796 738 844 803 ita
858 758 878 802 a
892 736 1158 823 praeceptoribus
1172 735 1393 820 instituuntur,

164 847 201 907 ut
231 842 319 910 laeta
352 865 448 928 seges
480 865 501 910 a
532 845 613 911 uiris
644 852 838 931 procreetur,
872 844 930 911 sed
963 844 1032 910 uita
1063 843 1228 910 umbratili
1260 842 1392 910 adsueti

165 970 335 1035 nugasque
355 951 443 1019 docti
456 952 592 1019 uirtutes
608 953 746 1019 oratoris
760 953 909 1039 proprias
922 972 986 1017 non
1001 951 1206 1018 adsecuntur.
1235 950 1391 1036 deinceps

165 1077 218 1123 res
241 1059 373 1144 publica
394 1081 478 1127 nunc
501 1061 548 1126 ita
572 1068 761 1147 comparata
784 1069 843 1146 est,
866 1069 901 1126 ut
915 1060 1132 1144 eloquentiam
1147 1058 1391 1143 angusfioribus

166 1164 284 1233 finibus
307 1167 452 1234 includat
475 1189 572 1252 quam
594 1168 679 1233 intra
703 1188 784 1251 quos
806 1168 926 1234 iustum
949 1168 1058 1234 facere
1080 1166 1185 1253 possit
1199 1166 1389 1253 profectum.

166 1293 233 1357 pax
260 1281 293 1340 et
321 1275 503 1358 concordia,
535 1275 652 1359 quibus
684 1273 799 1340 fruitur
830 1275 956 1360 ciuitas,
988 1282 1024 1342 ut
1056 1274 1142 1341 dona
1170 1280 1246 1341 sunt
1271 1293 1331 1360 per
1355 1294 1391 1341 se

166 1380 289 1465 optima
302 1388 335 1449 et
349 1383 544 1468 gratissima,
567 1383 615 1448 ita
629 1403 694 1448 non
707 1390 774 1449 tam
793 1383 884 1449 alunt
898 1390 1080 1467 acuuntque
1100 1381 1234 1466 ingenia
1247 1380 1391 1447 oratoria

167 1507 264 1570 quam
287 1488 452 1556 discordia
475 1512 539 1575 qua
562 1490 638 1557 olim
662 1491 779 1558 ciuitas
802 1491 994 1575 aegrotauit.

233 1595 477 1675 ,Quintilianus
513 1599 590 1683 quid
625 1599 708 1665 libro
749 1598 789 1664 de
826 1598 935 1665 causis
973 1597 1155 1683 conscripto
1196 1598 1391 1682 exposuerit,

168 1704 246 1787 quid
269 1705 397 1771 omnino
422 1708 559 1773 senserit
582 1706 624 1773 de
647 1707 815 1792 corruptis,
838 1704 994 1773 hocloco
1017 1710 1164 1791 repetere
1183 1701 1391 1789 supersedeo.

255 1812 325 1877 Iam
349 1814 376 1880 si
401 1820 570 1898 utrumque
592 1814 708 1879 librum
732 1832 965 1898 comparamus,
994 1813 1046 1878 uel
1074 1811 1182 1898 potius
1206 1830 1290 1894 quae
1313 1809 1392 1876 inde

167 1939 187 1983 a
211 1921 286 1986 olli
309 1920 443 2003 Dialogi
468 1927 597 1987 exstant
621 1921 648 1986 si
673 1918 867 1986 conferimus
890 1940 962 1985 cum
986 1921 1034 1986 eis
1058 1940 1142 2002 quae
1156 1918 1278 1985 Fabius
1301 1924 1336 1984 ct
1358 1917 1393 1983 in

167 2025 280 2091 schola
304 2032 336 2092 et
362 2026 444 2092 libro
474 2029 592 2094 emisso
620 2027 771 2094 docuisse
804 2034 854 2093 θεῖ
886 2025 1064 2112 putandus:
1103 2025 1393 2092 animaduertimus

167 2131 302 2198 alterum
327 2134 514 2221 scriptorem
538 2136 579 2202 ab
603 2136 705 2202 altero
728 2141 798 2201 tota
820 2135 876 2201 uia
904 2155 944 2201 ac
971 2134 1097 2201 ratione
1121 2133 1308 2220 explicandi
1330 2132 1394 2199 dif-

168 2239 261 2327 ferre,
293 2249 325 2308 et
357 2242 391 2308 id
424 2243 553 2327 quidem
581 2264 620 2310 eo
647 2243 743 2310 modo
774 2237 971 2327 quo-,Taciti
998 2242 1162 2326 ingenium
1189 2242 1231 2308 ab
1259 2241 1393 2326 ingenio

167 2346 358 2426 Quintiliani
389 2350 553 2418 diuersum
587 2352 654 2418 fuit.
711 2372 786 2416 nam
822 2351 944 2418 Fabius
980 2357 1153 2436 postquam
1190 2349 1296 2414 animo
1329 2348 1395 2415 sibi

168 2454 320 2523 formauit
352 2479 449 2525 uerae
485 2460 691 2543 eloquentiae
724 2459 879 2543 speciem,
917 2456 962 2522 ad
992 2456 1089 2523 huius
1122 2456 1275 2523 amussim
1312 2475 1395 2522 suae

167 2564 288 2631 aetatis
310 2572 413 2632 artem
435 2565 566 2632 dicendi
589 2565 762 2633 examinat.
810 2584 906 2647 quam
934 2584 1005 2630 cum
1028 2583 1091 2629 non
1115 2570 1226 2648 aptam
1247 2563 1397 2630 inueniat

168 2670 212 2736 ad
235 2691 328 2738 suum
350 2671 512 2759 iudicium,
541 2672 665 2759 respuit
687 2678 785 2756 atque
808 2671 1023 2755 ignominioso
1046 2677 1139 2737 notat
1160 2671 1288 2738 nomine
1311 2690 1395 2738 cor-

168 2785 314 2864 ruptae.
359 2786 487 2846 etcum
512 2780 547 2845 in
576 2778 757 2846 elocutione
779 2780 918 2845 maxime
941 2799 1078 2865 peccare
1110 2799 1183 2845 eam
1214 2784 1319 2865 putet,
1351 2801 1396 2846 ex

168 2885 239 2952 loco
254 2887 414 2953 rhetorico
428 2886 483 2971 qui
497 2893 548 2954 θεῖ
560 2887 602 2953 de
617 2887 817 2954 cacozelia
831 2887 1039 2972 demonstrat,
1064 2907 1120 2953 cur
1134 2886 1192 2952 illa
1207 2886 1251 2954 sit
1263 2886 1396 2954 uitiosa.

154 2993 211 3094 ⁸de
234 2994 365 3061 causis
389 2994 544 3082 deinceps
567 3015 726 3079 quaerens
751 2995 821 3062 eius
844 2995 1018 3061 facundiae
1040 2993 1101 3060 has
1124 2993 1245 3080 reperit
1263 2993 1346 3061 sitas
1359 2994 1396 3060 in

170 3100 318 3168 scholis
349 3102 528 3172 rhetoricis.
574 3102 709 3169 Tacitus
734 3101 938 3186 eloquentiae
962 3100 1132 3168 decursum
1154 3102 1320 3168 Romanae
1344 3121 1396 3170 sc·

171 3226 273 3292 quens
297 3215 329 3276 et
351 3209 556 3295 perpendens
579 3210 685 3276 animo
710 3230 788 3276 suae
802 3208 922 3276 aetatis
935 3207 1121 3274 facundiam
1134 3208 1292 3294 pristinae
1304 3215 1396 3294 post-

168 3315 352 3384 habendam
381 3316 549 3400 intellegit.
595 3316 736 3382 deterior
764 3322 828 3384 est:
863 3315 925 3381 hoc
953 3314 1059 3382 sentit
1114 3336 1198 3400 quae
1227 3321 1259 3383 et
1286 3316 1396 3400 qualis

169 3423 212 3489 sit
243 3430 276 3490 et
306 3445 369 3509 quo
402 3425 530 3491 nomine
561 3423 763 3511 reprehende
797 3430 830 3490 et
863 3442 925 3506 quo
957 3422 1062 3507 modo,
1095 3424 1124 3491 si
1152 3422 1203 3491 dis
1225 3423 1396 3512 placuerit,

170 3531 331 3598 sananda:
355 3533 437 3599 haec
460 3533 531 3599 eius
553 3551 618 3598 non
641 3531 808 3598 intersunt.
831 3530 927 3596 immo
951 3531 1176 3617 circumspicit,
1200 3531 1317 3615 quibus
1336 3532 1396 3599 illa

169 3639 261 3705 labes
285 3639 331 3706 sis
359 3639 476 3706 effecta
503 3641 609 3707 rebus.
659 3639 693 3704 in
721 3659 786 3722 qua
815 3639 1004 3722 quaestione
1032 3637 1129 3705 altius
1157 3638 1249 3723 tollit,
1280 3645 1316 3705 ut
1346 3639 1397 3706 ita

170 3745 286 3831 dicam,
310 3747 421 3812 oculos
444 3767 541 3830 quam
563 3745 608 3813 ad
630 3753 751 3812 tectum
765 3745 896 3812 scholae
911 3745 1172 3812 declamatoriae.
1203 3746 1238 3811 in
1252 3746 1395 3815 moribus

169 3854 339 3941 hominum,
362 3854 396 3921 in
419 3854 608 3922 condicione
631 3853 822 3920 iudiciorum
836 3853 999 3937 totiusque
1015 3853 1063 3919 rei
1081 3853 1241 3939 publicae,
1265 3854 1393 3921 omnino

168 3961 202 4026 in
234 3962 304 4028 uita
334 3962 447 4048 populi
478 3961 614 4027 Romani
645 3960 747 4027 multa
773 3968 907 4046 mutata,
939 3961 1040 4027 multa
1075 3960 1257 4046 deprauata
1288 3960 1393 4028 uidet:

168 4068 245 4134 hinc
266 4069 385 4155 repetit
408 4089 526 4135 causas
549 4069 735 4134 imminutae
755 4068 968 4152 eloquentiae.
1002 4067 1221 4147 Quintilianus
1236 4068 1394 4152 magister

170 4182 220 4242 θεῖ
243 4196 323 4242 suae
346 4176 436 4245 artis,
461 4175 551 4242 cuius
571 4175 703 4258 regulas
718 4175 838 4261 optime
853 4176 965 4242 callet:
990 4195 1067 4260 ergo
1084 4195 1176 4242 suum
1190 4182 1241 4243 est
1254 4176 1393 4262 primum

170 4282 314 4350 iudicare
337 4282 378 4349 de
406 4284 502 4350 robus
530 4282 689 4368 oratoriis,
721 4282 840 4350 deinde
868 4282 1066 4369 praecipere,
1098 4289 1165 4348 tum
1193 4282 1321 4350 demum
1346 4284 1394 4350 in·

171 4389 295 4475 dagare
322 4391 355 4456 in
387 4409 505 4459 causas
538 4390 608 4457 cius
640 4390 688 4457 rei
721 4410 817 4474 quam
847 4390 1016 4475 improbat.
1071 4389 1206 4456 Tacitus
1237 4390 1394 4458 formatus

169 4504 287 4564 natura
319 4497 362 4563 ad
399 4518 505 4568 rerum
535 4497 721 4568 memoriam
759 4496 1013 4585 intellegendam
1050 4503 1084 4566 ct
1121 4496 1394 4585 conscribendam,
