3128 4942
828 208 871 271 24

413 563 416 568 ,
437 492 466 556 3.
498 489 679 573 Magistri
704 496 949 575 corrumpunt
972 490 1245 575 eloquentiam.

316 614 550 699 -Oomplures
574 635 647 681 esse
671 622 841 700 corruptae
857 615 1061 699 eloquentiae
1076 636 1193 681 causas
1213 615 1349 680 Fabium
1363 623 1456 701 puta-

232 720 325 811 uisse
344 741 384 786 ex
407 721 481 785 libri
505 720 614 788 (10010
638 721 819 808 conscripto
842 722 972 788 nomine
988 722 1202 804 cognoscitur.
1248 743 1308 788 nos
1328 743 1368 787 ex
1391 722 1456 788 illis

228 817 341 892 'unam
364 834 489 893 tantum
511 830 649 914 probare
672 850 845 914 possumus
868 829 914 893 ibi
938 849 1011 895 esse
1035 828 1225 913 expositam.
1272 850 1368 912 quam
1392 829 1457 893 iam

232 933 371 1001 diximus
395 935 586 1001 collocatam
606 935 708 1003 fuisse
727 937 760 1000 in
783 956 968 1021 peruersa
992 935 1210 1002 scholarum
1226 935 1457 1001 condicione

232 1041 518 1107 rhetoricarum.
555 1044 738 1109 nos‘hercle
756 1064 821 1108 non
835 1042 1030 1128 primariam,
1055 1042 1112 1109 sed
1128 1042 1352 1108 secundariam
1367 1043 1457 1107 illam

233 1147 335 1215 fuisse
368 1169 500 1216 oausam
528 1150 739 1216 censebimus.
795 1150 914 1215 etenim
938 1170 1035 1216 sensu
1059 1149 1115 1226 illo
1139 1150 1309 1214 tenerrimo
1324 1149 1457 1214 iudicio-

234 1275 296 1338 que
320 1255 573 1343 elegantissimo,
597 1278 658 1341 000
675 1257 946 1340 0100000100000
970 1257 1089 1321 0010110
1114 1263 1258 1322 oratores
1274 1277 1344 1321 cum
1360 1277 1458 1340 supra

234 1362 354 1428 iustum
377 1363 506 1428 modum
529 1364 682 1450 progredi
705 1364 859 1449 prohibiti
882 1370 949 1428 tum
971 1363 1055 1428 ultro
1071 1362 1204 1428 adducti
1218 1370 1310 1428 erant
1325 1363 1368 1427 ad
1382 1384 1458 1428 uere

232 1469 408 1555 pulchrum,
433 1471 554 1537 sensim
568 1471 751 1554 sensimque
767 1471 913 1536 homines
929 1477 1002 1536 sunt
1018 1469 1172 1536 destituti.
1220 1469 1306 1553 quod
1323 1470 1458 1535 simulac

233 1576 304 1641 fieri
328 1584 378 1643 est
401 1585 558 1664 coeptum,
588 1579 642 1661 001
671 1586 772 1644 artem
800 1574 1034 1664 profitebantur
1061 1577 1235 1643 oratoriam
1264 1584 1320 1642 001
1346 1577 1410 1662 ipsi
1438 1598 1458 1640 a

233 1684 313 1748 recti
342 1683 449 1750 studio
478 1684 665 1752 defecerunt
692 1691 749 1750 aut
780 1685 940 1770 uoluptati
971 1685 1134 1775 hominum
1165 1684 1322 1750 inseruire
1355 1683 1459 1748 coacti

234 1798 316 1857 sunt.
360 1792 471 1874 itaque
494 1793 689 1858 necessitate
714 1792 855 1875 quadam
878 1792 912 1856 10
935 1791 1017 1876 ipsis
1041 1792 1137 1856 rebus
1152 1791 1261 1875 posita
1285 1791 1401 1875 euenit,
1424 1798 1460 1854 01

234 1897 365 1963 scholae
394 1897 621 1964 delaberentur
643 1898 676 1962 in
700 1898 798 1964 talem
823 1904 942 1964 statum
966 1897 1095 1981 qualem
1110 1897 1315 1981 conqueritur
1328 1897 1460 1962 Fabius.

235 2011 269 2068 at
291 2003 382 2068 illum
403 2025 468 2069 000
490 2004 613 2071 uidisse
637 2004 757 2069 fontem
780 2003 944 2098 perniciei,
969 2003 1027 2070 sed
1052 2005 1199 2069 canalem
1223 2024 1262 2069 ex
1291 2003 1347 2068 illo
1377 2003 1459 2068 deri-

234 2117 345 2175 uatum
367 2110 521 2177 habuisse
544 2133 603 2198 pro
627 2112 715 2178 fonte
738 2112 811 2197 ipso
835 2111 1042 2177 manifestum
1062 2117 1113 2176 est
1132 2131 1171 2174 ex
1191 2110 1238 2176 eis
1255 2131 1338 2194 0000
1354 2111 1395 2176 de
1420 2130 1459 2175 00

234 2238 269 2282 re
293 2217 372 2283 dicit
394 2219 427 2282 ΙΙ
453 2221 502 2305 10,
529 2221 628 2285 1-3:
757 2240 863 2305 pauca
891 2218 969 2283 mihi
1016 2218 1056 2283 de
1088 2218 1162 2302 ipsa
1194 2218 1319 2282 ratione
1353 2216 1459 2293 decla-

234 2324 344 2390 mandi
368 2325 507 2392 dicenda
531 2333 613 2413 sunt,
637 2348 721 2410 quae
750 2326 879 2411 quidem
907 2333 943 2392 01
973 2346 1012 2391 ex
1036 2325 1183 2390 omnibus
1210 2324 1385 2390 nouissime
1412 2324 1458 2388 10-

233 2438 340 2518 00010,
373 2433 420 2498 10
452 2434 551 2499 multo
585 2441 635 2500 est
667 2434 849 2500 utilissima.
903 2454 978 2497 nam
994 2484 1000 2498 .
1016 2484 1022 2498 .
1039 2483 1068 2498 ..
1101 2432 1249 2497 ueritatis
1281 2431 1459 2516 proximam

234 2540 408 2624 imaginem
426 2540 534 2606 reddit
556 2540 695 2624 ideoque
718 2541 765 2605 ita
789 2549 839 2606 est
863 2540 1036 2623 celebrata,
1060 2546 1095 2603 01
1114 2539 1280 2624 plerisque
1295 2538 1461 2604 uideretur

235 2646 279 2712 ad
310 2647 512 2712 formandam
555 2647 772 2730 eloquentiam
795 2648 848 2712 uel
881 2646 952 2713 sola
986 2646 1134 2712 sufficere
1150 2697 1156 2710 .
1172 2697 1179 2710 .
1194 2697 1224 2713 ..
1259 2666 1297 2711 eo
1331 2644 1460 2728 quidem

234 2755 378 2820 resista
407 2754 502 2839 culpa
531 2754 713 2820 docentium
741 2754 871 2839 recidit,
904 2761 939 2820 ut
967 2753 1071 2818 inter
1097 2752 1335 2838 praecipuas
1364 2773 1460 2835 quae

236 2867 525 2947 corrumperent
548 2861 812 2945 eloquentiam
836 2882 976 2927 causas
999 2860 1167 2927 licentia
1186 2866 1283 2942 atque
1301 2859 1460 2925 inscitia
1531 2944 1532 2948 Ἰ

236 2967 536 3034 declamantium
554 2968 659 3034 fuerit.
692 2968 851 3034 accedunt
869 2972 910 3050 ἐξ
936 2971 964 3034 1.
985 2971 1004 3034 8
1008 3018 1110 3033 .....
1134 2973 1235 3033 totum
1255 2966 1460 3032 declamandi

236 3095 317 3159 opus
341 3075 395 3157 001
419 3073 582 3141 diuersum
605 3075 691 3140 omni
713 3075 809 3140 modo
833 3096 853 3140 a
877 3074 1059 3141 forensibus
1084 3074 1192 3139 causis
1218 3073 1403 3138 existimant
1437 3073 1460 3136 ii

234 3181 379 3268 profecto
402 3201 443 3246 ne
466 3182 623 3247 rationem
647 3182 776 3265 quidem
800 3203 865 3265 qua
888 3182 953 3247 ista
968 3181 1157 3246 exercitatio
1181 3180 1313 3245 1000010
1328 3179 1371 3245 011
1388 3201 1460 3264 per·

234 3288 356 3354 uident.
383 3310 459 3354 narn
483 3289 510 3354 si
534 3288 603 3354 foro
626 3310 690 3355 non
713 3296 896 3374 praeparet,
920 3294 976 3353 aut
996 3287 1166 3353 scaenicae
1181 3287 1389 3352 ostentationi
1404 3294 1461 3351 aut

236 3396 379 3462 furiosae
402 3396 626 3461 uociferationi
651 3396 847 3462 simillimum
871 3401 928 3461 est.
949 3433 987 3442 —
1013 3415 1076 3459 non
1101 3393 1260 3476 estquod
1284 3393 1335 3460 his
1358 3393 1459 3458 adda-

235 3524 315 3570 mus.
360 3503 536 3568 uidendum
558 3503 669 3588 igitur,
698 3524 764 3568 cur
788 3502 1041 3568 declamatorum
1063 3501 1297 3568 institutionem
1324 3501 1460 3587 pernici·

236 3631 328 3677 osam
352 3631 425 3676 esse
450 3610 653 3693 eloquentiae
677 3608 896 3687 Quintilianus
921 3609 1162 3676 existimauerit.

324 3716 493 3783 Persuasit
516 3717 577 3783 sibi
592 3698 845 3783 declamationes
861 3717 1010 3783 inuentas
1026 3738 1107 3801 esse,
1131 3723 1166 3781 ut
1179 3716 1272 3800 pueri
1287 3721 1318 3780 01
1333 3715 1460 3781 adules-

237 3831 347 3890 centes
370 3813 455 3889 fictis
479 3824 586 3889 causis
610 3823 748 3906 agendis
772 3829 1044 3909 praepararentur
1067 3823 1110 3888 ad
1133 3843 1229 3888 ueras
1254 3829 1286 3886 et
1305 3821 1459 3888 forenses.

237 3931 323 4014 quod
346 3937 433 3997 recte
456 3928 527 3995 fieri
549 3931 583 3995 in
607 3931 726 3997 scholis
741 3931 854 4014 quales
871 3938 938 3996 tum
951 3930 1088 3996 floreant
1100 3928 1264 3994 infitiatur.
1311 3926 1461 3994 adfirmat

236 4038 321 4104 enim
345 4037 581 4104 declamatores
604 4058 676 4102 cum
703 4037 736 4102 in
768 4039 881 4102 umbra
913 4037 1047 4121 degant,
1079 4043 1212 4123 propter
1244 4036 1460 4118 ignorantiam

236 4166 343 4211 rerum
365 4142 545 4210 forensium'
568 4164 699 4228 operam
721 4165 785 4209 non
809 4144 896 4229 dare,
928 4151 963 4209 ut
986 4143 1030 4209 ad
1062 4143 1151 4209 uitae
1178 4143 1349 4207 ueritatem
1372 4163 1460 4208 exer·

237 4252 408 4317 citationes
432 4250 692 4337 adcommodent‚
726 4250 786 4318 sed
818 4259 938 4317 temere
970 4257 1002 4315 et
1035 4271 1075 4316 ex
1107 4249 1240 4314 arbitrio
1274 4255 1307 4315 et
1339 4248 1460 4331 fingere

236 4359 380 4423 themata
412 4364 445 4423 et
475 4356 652 4423 thematum
688 4358 914 4423 tractationem
951 4357 1120 4422 moderari.
1179 4363 1276 4440 atque
1308 4356 1391 4420 hanc
1414 4355 1459 4418 10-

236 4465 404 4531 scientiam
437 4472 469 4530 01
499 4464 663 4530 licentiam
695 4466 856 4550 uituperat
887 4463 968 4529 locis
1005 4464 1059 4546 001
1086 4463 1151 4529 iam
1180 4471 1254 4530 sunt
1281 4460 1460 4527 adserendi.
