3128 4942
682 267 725 332 33

92 464 167 544 post
188 478 223 525 se
247 459 365 525 fuerint
384 460 533 526 Cassium
556 461 656 528 multo
678 462 781 528 fuisse
806 462 1004 546 superiorem
1025 468 1118 546 patet
1141 482 1182 527 ex
1204 461 1313 528 uerbis

93 565 222 648 Dialogi
246 565 336 633 bisce
362 571 391 644 (c
416 566 488 653 26);
518 569 667 650 equidem
689 589 753 633 non
776 569 964 652 negauerim
989 569 1137 634 Cassium
1161 569 1316 634 Seuerum

92 724 99 738 .
114 723 121 738 .
136 723 144 738 .
159 673 205 739 ‚si
219 672 260 739 iis
276 682 479 759 comparetur
493 676 547 757 qui
562 683 678 760 postea
693 675 829 759 fuerunt,
844 696 943 760 posse
958 682 1119 741 oratorem
1133 675 1261 740 uocari.
1272 726 1315 740 ...

89 787 240 863 ceterum
264 788 299 845 ut
323 781 399 865 dixi,
424 784 631 865 sequentibus
655 790 862 867 comparatus
887 790 918 848 et
941 783 1101 849 uarietate
1126 781 1316 848 eruditionis

89 894 123 952 et
150 888 260 973 lepore
291 889 484 954 urbanitatis
514 896 546 954 et
573 890 717 974 ipsarum
744 889 860 954 uirium
888 891 1002 955 robore
1030 890 1163 954 multum
1191 895 1316 954 ceteros

91 1001 231 1079 superat.
256 1033 297 1041 -
322 994 409 1080 quid,
433 996 519 1078 quod
543 997 614 1082 ipse
637 997 759 1062 Fabius
785 997 933 1063 Cassium
957 1018 1028 1062 cum
1050 996 1212 1062 nonnullis
1235 996 1317 1061 locis

92 1100 264 1166 honorifice
288 1110 515 1167 commemorat
546 1110 613 1167 tum
637 1124 677 1168 cx
701 1104 900 1168 orationibus
922 1103 1101 1189 particulas
1125 1103 1241 1169 adfert.
1287 1102 1323 1167 cf

91 1207 270 1291 V11‚43.
315 1209 363 1272 XI
387 1212 416 1292 3,
450 1213 520 1275 133.
544 1247 586 1257 -—
610 1210 654 1273 VI
683 1213 712 1295 3,
744 1213 794 1277 78.
840 1210 915 1274 VIII
945 1212 975 1295 2,
1004 1214 1033 1277 2.
1081 1213 1111 1296 3,
1135 1213 1186 1276 89.
1232 1208 1318 1292 quod

89 1320 177 1380 certe
205 1335 268 1379 non
296 1315 436 1400 fecisset,
469 1316 532 1382 nisi
564 1323 714 1401 putasset
747 1338 819 1383 eum
845 1338 965 1399 magna
994 1338 1034 1383 ex
1061 1323 1156 1402 parto
1183 1314 1318 1381 lauda-

87 1421 206 1486 bilem
229 1443 310 1488 esse.

179 1529 301 1613 Itaque,
329 1536 365 1594 ut
392 1529 436 1593 ad
464 1537 584 1595 certum
613 1530 766 1596 iudicium
799 1551 882 1613 quac
911 1531 952 1595 de
979 1531 1036 1596 illo
1070 1538 1145 1597 sunt
1177 1530 1317 1597 dicenda

90 1656 293 1703 reuocemus:
326 1658 391 1701 non
423 1638 506 1702 inter
539 1645 705 1723 corruptos
741 1637 959 1702 numerandus
991 1643 1041 1703 est
1076 1637 1220 1722 Cassius,
1258 1636 1317 1703 sed

91 1742 238 1810 medius
262 1745 356 1826 quasi
385 1744 553 1810 habendus
585 1745 668 1809 inter
690 1744 750 1810 hos
775 1752 807 1809 et
837 1764 893 1809 eos
922 1743 976 1827 qui
1007 1763 1121 1809 sanam
1149 1763 1317 1829 expresse-

89 1856 162 1914 runt
185 1851 412 1933 eloquentiam.
460 1858 568 1917 tamen
596 1852 638 1916 ab
662 1852 732 1917 eius
757 1850 886 1917 dicendi
915 1870 1034 1934 genere
1062 1850 1115 1914 uel
1142 1850 1251 1935 potius
1274 1851 1316 1915 ab
1368 1831 1372 1840 ’

90 1956 159 2022 0100
182 1958 272 2024 011110
297 1958 389 2023 fiuxit
413 1959 446 2023 in
469 1966 595 2044 tempus
619 1965 784 2044 posterum
807 1957 929 2023 riuulus
953 1956 1085 2040 quidam
1107 1957 1316 2041 pestilentiae

89 2063 159 2129 eius
200 2085 297 2147 quam
333 2066 506 2149 reprimere
547 2066 670 2131 studuit
710 2066 841 2131 Fabius.
902 2065 998 2130 aliter
1038 2063 1161 2129 iudicat
1197 2064 1315 2129 Bern-

88 2169 261 2255 hardyus
284 2173 314 2235 H
336 2172 363 2235 L
387 2174 457 2250 Rs
486 2177 547 2240 118
572 2171 603 2258 (⁵
626 2195 647 2258 p
673 2176 748 2248 7911)
773 2179 805 2237 01
828 2171 929 2236 adnot
952 2174 1018 2238 544
1042 2170 1076 2258 (p
1102 2174 1188 2251 797).
1234 2192 1316 2236 mor·

86 2284 163 2343 tuus
188 2285 238 2344 est
262 2278 395 2344 Cassius
420 2278 595 2344 secundum
619 2279 848 2344 Suetonium
871 2276 959 2362 apud
982 2278 1212 2361 Hieronymum
1235 2281 1314 2363 32p

87 2384 138 2449 Ch
161 2405 254 2450 anno.
300 2384 408 2449 floruit
436 2385 535 2468 igitur
562 2385 740 2470 imperante
763 2386 919 2467 Augusto.
966 2384 1001 2448 01
1019 2384 1134 2468 Taciti,
1159 2385 1219 2467 [qui
1243 2404 1315 2449 eum

87 2490 220 2557 uidetur
243 2491 362 2575 odisse,
385 2493 458 2557 Ann
480 2493 496 2556 I
521 2495 571 2557 72.
617 2492 662 2556 111
686 2495 737 2558 21.

177 2597 212 2677 3)
241 2598 373 2663 Eisdem
405 2600 602 2684 temporibus
634 2599 782 2664 Fuscus
814 2597 1001 2681 Arellius,
1033 2597 1066 2661 in
1097 2598 1177 2663 Asia
1209 2604 1314 2683 natus,

84 2705 147 2770 fuit
176 2704 375 2771 declamator
403 2713 469 2771 tam
498 2707 648 2791 insignis,
676 2714 711 2771 ut
734 2707 817 2770 inter
846 2705 985 2790 optimos
1014 2711 1166 2788 quattuor
1189 2704 1314 2770 schola-

86 2813 240 2879 sticorum
263 2813 436 2879 referretur
460 2835 480 2878 a
505 2815 654 2879 Seneca
686 2814 838 2892 (Controu
865 2813 898 2877 X
928 2812 1065 2898 praef§
1093 2811 1164 2897 13):
1197 2832 1218 2876 a
1250 2833 1313 2896 quo

86 2940 171 3002 quae
194 2920 363 2986 traduntur
391 2921 432 2986 de
456 2921 512 2984 illo
537 2921 644 2985 omnia
669 2941 792 2986 summa
817 2919 988 3002 diligentia
1012 2927 1044 2984 et
1067 2919 1215 2984 doctrina
1239 2940 1312 2984 con·

88 3028 191 3108 gessit
218 3034 250 3093 et
278 3027 438 3114 disposuit
466 3028 493 3091 F
521 3028 549 3092 G
577 3027 799 3092 Lindnerus
829 3028 874 3106 (in
901 3033 1124 3111 progemmate
1152 3026 1313 3110 gymnasii

91 3296 141 3347 aut
164 3296 298 3360 praeferat
323 3295 394 3349 circa
414 3296 572 3351 Ciceronem
596 3294 716 3350 effloruit
734 3298 762 3349 et
781 3295 796 3361 ξ
818 3296 846 3348 li
868 3295 937 3349 haec
955 3295 989 3348 de
1008 3293 1147 3348 Cicerone:
1171 3294 1314 3364 ingenium

88 3384 160 3451 quod
182 3386 270 3439 solum
289 3386 405 3455 populus
424 3387 564 3440 Romanus
583 3404 633 3455 par
652 3384 767 3454 imperio
786 3402 834 3439 suo
853 3385 965 3438 babuit:
998 3401 1053 3437 non
1071 3384 1153 3438 facile
1172 3385 1311 3439 existima·

85 3473 175 3528 bimus
200 3493 266 3529 sano
290 3474 391 3528 iudicio
414 3475 495 3527 illum
514 3475 597 3529 fuisse
616 3473 789 3529 destitutum.
827 3473 933 3528 acccht
952 3473 1024 3541 quod
1042 3473 1072 3526 in
1090 3474 1236 3541 prooemiis
1254 3493 1313 3528 ora·

83 3566 176 3618 torum
203 3583 271 3633 quos
299 3565 453 3619 admiratur
482 3568 629 3633 praecepta
656 3583 711 3619 non
738 3581 827 3634 pauca
854 3564 944 3618 reddit
970 3581 1042 3631 quae
1069 3563 1227 3633 conspirant
1250 3582 1313 3617 cum

82 3653 163 3707 Fabii
187 3654 220 3707 (10
245 3657 305 3708 arte
327 3654 488 3723 praeceptis.
525 3654 568 3707 ira
591 3671 661 3721 quae
685 3654 724 3706 IV
748 3652 825 3722 praef
849 3654 864 3720 ξ
884 3655 900 3706 9
924 3655 1035 3707 exstant
1058 3652 1226 3706 conueniunt
1249 3671 1312 3706 cum

83 3743 143 3797 Inst
162 3744 230 3798 VIII
253 3746 277 3808 2,
308 3745 350 3809 23,
375 3761 445 3811 quae
468 3743 507 3796 IX
534 3743 615 3811 praef
636 3744 668 3809 ἐξ
690 3745 712 3807 1,
737 3744 761 3806 2,
787 3744 811 3807 4,
838 3744 852 3795 5
881 3761 943 3796 cum
968 3742 993 3794 II
1021 3744 1060 3807 10,
1092 3744 1121 3794 11
1146 3759 1206 3810 sqq.
1224 3771 1260 3779 —
1278 3743 1312 3796 de

82 3832 184 3886 scholis
208 3833 275 3900 quid
300 3834 415 3887 sentiret
439 3833 549 3896 Seneca,
574 3831 631 3884 iam
655 3831 776 3885 uidimus
800 3849 834 3885 ex
856 3832 915 3885 loco
938 3830 992 3884 adn
1019 3830 1050 3884 15
1073 3830 1175 3885 adluto.
1216 3831 1312 3898 itaque

82 3920 238 3991 adstipnlor
265 3923 401 3976 Koerbero
425 3922 435 3974 l
455 3923 509 3990 dp
535 3922 567 3974 68
597 3921 700 3975 dicenti
728 3921 808 3975 haec:
837 3922 892 3974 Das
915 3920 1004 3974 Urteil
1032 3920 1147 3974 Senecas
1174 3939 1232 3974 war
1257 3937 1312 3974 von

81 4012 217 4081 missiger
235 4013 323 4077 Κ1011,
342 4013 421 4066 nicht
439 4012 505 4076 10111,
531 4013 595 4065 aber
614 4011 727 4080 gesund.
764 4012 866 4065 Mitten
884 4011 912 4064 in
933 4010 995 4064 dem
1013 4014 1120 4065 wdsten
1135 4011 1250 4065 Trciben
1264 4011 1312 4065 der

81 4099 224 4153 Rhetoren
246 4100 368 4165 stehend‚
397 4119 455 4154 war
478 4119 507 4155 er
529 4099 702 4168 hinlttnglich
726 4100 859 4169 befithigt.
885 4118 933 4152 um
956 4102 1024 4154 eben
1047 4117 1076 4153 so
1099 4101 1162 4153 sehr
1185 4099 1229 4154 die
1252 4117 1310 4154 ver-

81 4187 272 4242 ffihrerischen
289 4190 410 4259 Abwege
430 4232 435 4242 .
457 4229 463 4242 .
483 4228 490 4244 .
511 4231 516 4242 .
536 4208 568 4242 zu
586 4189 743 4242 vermeiden
762 4190 803 4242 als
822 4189 870 4242 das
889 4189 945 4242 Ziel
963 4208 997 4243 zu
1016 4189 1162 4252 erkennen,
1186 4189 1234 4242 das
1253 4189 1310 4243 sich

81 4277 223 4331 erreichen
246 4277 370 4331 11000-
396 4279 584 4344 Quintilianus
609 4277 740 4331 Senecam
757 4280 866 4346 patrem
888 4277 1015 4332 nominat
1039 4295 1101 4331 eum
1123 4277 1204 4332 laude
1227 4278 1266 4331 IX
1286 4279 1310 4343 2,

82 4368 117 4419 42
136 4385 168 4434 sq
187 4369 216 4421 et
235 4368 276 4421 98.
300 4364 391 4434 ’(11ΙΠ
410 4371 433 4433 3,
454 4370 484 4421 31
507 4367 634 4420 Halmius
658 4366 688 4419 in
711 4366 801 4420 indice
820 4385 838 4435 p
858 4368 909 4419 383
932 4367 1001 4421 falso
1020 4367 1103 4421 refert
1127 4367 1161 4420 ad
1180 4367 1311 4422 Senecam

81 4458 202 4524 patrem:
226 4456 398 4511 referendum
418 4474 474 4510 esse
493 4457 583 4510 locum
603 4455 638 4508 ad
656 4454 743 4507 filium
763 4458 836 4509 recte
858 4456 916 4509 iam
934 4456 1043 4510 uiderat
1062 4455 1247 4525 Spaldingius.
1285 4456 1314 4511 cf

82 4545 169 4599 etiam
187 4544 314 4600 Teuffelii
332 4546 359 4599 H
377 4547 398 4598 L
417 4547 442 4598 It
461 4546 476 4611 ς’
496 4548 556 4609 2911,
577 4545 662 4598 10105
683 4547 712 4613 (p
731 4547 783 4599 654
802 4545 931 4599 editionis
951 4544 1169 4610 Schwabianae).

163 4635 284 4682 Reuter,
302 4636 337 4676 De
351 4634 490 4684 Quintiliani
505 4635 573 4673 llbro.
1135 4635 1152 4688 3
