3128 4942
759 224 800 286 at

166 417 187 484 5
222 421 254 482 et
285 418 314 482 6.
347 454 389 463 -
421 416 544 482 Fabius
572 416 671 500 igitur
694 437 765 482 oum
796 436 909 482 seuero
940 416 1059 481 iudicio
1089 417 1197 482 omnia
1224 415 1393 483 damnaret

167 544 386 608 quaecumque
419 523 589 609 tumidam,
621 525 763 609 mollem,
797 544 947 589 eneruem
980 525 1144 590 efficerent
1167 525 1391 610 eloquentiam,

166 639 272 698 tamen
295 652 360 697 non
380 653 418 697 eo
439 632 607 716 prooessit,
631 638 666 696 ut
690 652 773 714 qnae
797 633 902 714 magis
927 631 1134 697 oblectationi
1158 638 1268 698 essent
1296 653 1392 715 quam

165 738 300 804 utilitati
330 758 457 805 moroso
490 738 638 821 tristique
675 738 765 803 uultu
790 759 829 803 ex
854 738 965 804 schola
988 739 1112 804 iuberet
1134 740 1287 804 amoueri.

256 845 363 929 Atque
386 865 455 910 eum
480 865 590 911 omnes
614 845 703 911 locos
727 845 781 927 qui
809 845 985 910 reuocandi
1013 846 1077 911 sint
1104 845 1147 910 ad
1176 846 1391 928 eloquentiam

168 959 351 1037 corruptam
375 952 527 1035 colligere
550 951 628 1017 milri
653 953 696 1017 sit
718 952 926 1037 propositum,
949 959 1052 1018 restat
1069 959 1104 1017 ut
1123 952 1270 1018 adferam
1288 953 1392 1018 locum

169 1060 224 1124 ubi
255 1059 296 1124 de
332 1058 419 1126 illius
453 1058 626 1125 facundiae
660 1059 747 1144 apud
783 1059 1020 1124 multitudinem
1056 1060 1153 1126 laude
1195 1059 1274 1125 dicit
1309 1060 1391 1124 haec

169 1164 245 1248 (XII
270 1169 319 1251 10,
345 1164 504 1252 74-7o):
529 1165 616 1249 quod
639 1166 769 1250 quidem
793 1163 907 1253 [genus
922 1164 1062 1253 dicendi]
1078 1167 1235 1251 plaeere
1258 1168 1390 1232 multis

166 1291 225 1336 nec
248 1271 368 1337 infitior
390 1293 451 1338 neo
473 1273 578 1338 miror.
625 1281 675 1339 est
704 1275 788 1339 enim
811 1273 952 1338 iucunda
980 1274 1111 1339 auribus
1135 1295 1174 1338 ao
1202 1273 1392 1340 fauorabilis

165 1379 400 1462 qualiscunque
428 1380 613 1463 eloquentia
642 1387 674 1444 et
697 1381 787 1445 ducit
810 1381 935 1446 animos
964 1380 1105 1445 naturali
1133 1382 1300 1466 uoluptate
1328 1402 1392 1445 uon

165 1486 270 1552 onmis
293 1485 422 1573 ....(§
448 1488 500 1564 75)
525 1487 580 1551 ubi
603 1507 680 1551 uero
706 1487 783 1570 quid
803 1488 995 1569 exquisitius
1019 1486 1140 1552 dictum
1163 1488 1284 1554 accidit
1307 1488 1391 1553 auri-

164 1594 227 1659 bus
249 1593 478 1679 imperitorum,
494 1593 726 1677 ⁴qualecunque
750 1594 784 1658 id
809 1601 871 1677 est,
900 1592 986 1677 quod
1014 1593 1109 1658 modo
1134 1615 1170 1660 se
1202 1595 1265 1679 ipsi
1293 1615 1392 1680 posse

168 1699 348 1785 desperent
371 1700 471 1766 habet
493 1700 753 1784 admirationem,
781 1684 885 1783 neque
908 1701 1075 1766 immerito.
1129 1722 1204 1765 nam
1236 1722 1278 1766 ne
1311 1702 1392 1767 illud

168 1806 296 1891 quidem
310 1807 408 1874 facile
425 1814 483 1874 est.
508 1807 566 1874 sed
583 1814 781 1873 euaneseunt
795 1807 877 1873 baec
892 1815 925 1873 et
940 1808 1135 1872 emoriuntur
1150 1809 1392 1893 comparatione
1482 1836 1486 1842 ·

167 1914 342 1999 meliorum,
365 1922 401 1980 ut
423 1915 500 1979 lana
523 1915 624 1981 tincta
650 1914 723 1980 fuco
748 1915 829 1979 eitra
852 1936 1011 2000 purpuras
1035 1916 1145 1999 plaoot
1163 1967 1170 1981 .
1263 1913 1297 2002 (ξ
1319 1913 1390 2003 76);

167 2020 195 2086 si
226 2041 304 2087 uero
336 2020 490 2086 iudicium
522 2021 573 2087 bis
606 2022 764 2106 corruptis
789 2022 895 2087 acrius
925 2021 1096 2107 adhibeas,
1125 2028 1160 2087 ut
1183 2022 1299 2088 fucinis
1328 2023 1391 2089 sul·

164 2147 255 2213 pura,
271 2129 336 2192 iam
352 2129 440 2193 illum
456 2149 518 2211 quo
534 2128 717 2195 fefellerant
732 2135 852 2194 exuant
871 2130 1038 2195 mentitum
1053 2130 1194 2196 colorem
1209 2136 1241 2195 et
1251 2129 1392 2212 quadam

164 2235 220 2300 uix
243 2235 417 2301 enarrabili
442 2235 597 2300 foeditate
612 2235 803 2320 pallescant.
848 2236 957 2301 lucent
970 2237 1070 2318 igitur
1083 2236 1166 2302 haec
1185 2237 1266 2302 citra
1282 2237 1391 2322 solem,

165 2347 201 2406 ut
223 2341 384 2425 quaedam
417 2343 535 2425 exigua
564 2342 718 2407 animalia
746 2342 880 2425 igniculi
910 2341 1060 2408 uidentur
1083 2343 1117 2406 in
1144 2344 1295 2409 tenebris.
1345 2344 1392 2408 ait

164 2449 264 2532 igitur
286 2449 421 2515 Fabius:
445 2448 620 2514 laudantur
642 2450 699 2533 illi,
721 2449 858 2535 primum
881 2448 968 2531 quod
991 2449 1095 2515 omnis
1118 2448 1272 2515 facundia
1286 2450 1392 2532 qualis

165 2562 216 2622 est
239 2577 364 2639 cunque
386 2556 585 2621 multitudini
608 2557 724 2641 placet,
749 2556 902 2640 deinceps
928 2556 1013 2639 quod
1038 2555 1145 2621 omnia
1169 2576 1252 2640 quae
1271 2577 1292 2621 a
1308 2577 1391 2620 com-

163 2663 252 2728 muni
274 2663 330 2727 uia
354 2663 518 2728 declinant
540 2664 714 2730 insolentia
739 2683 798 2728 sua
821 2663 987 2747 imperitos
1011 2663 1196 2748 opprimunt
1219 2670 1316 2746 atque
1340 2683 1391 2727 oc-

164 2777 294 2855 cupant.
328 2769 387 2836 sed
409 2769 507 2836 laude
535 2771 600 2836 ista
628 2770 812 2852 eloquentia
845 2769 974 2834 minime
1009 2769 1110 2853 digna
1144 2776 1202 2836 est.
1256 2791 1332 2834 nam
1363 2769 1391 2836 si

165 2897 205 2942 ea
229 2876 345 2960 quibus
369 2878 494 2943 animos
517 2876 631 2941 adlicit
653 2877 788 2943 acrioris
813 2877 933 2941 trutina
957 2877 1068 2942 iudicii
1092 2883 1278 2962 pensantur,
1306 2877 1393 2942 leuia

164 2989 304 3070 apparet
328 3004 401 3051 esse
426 2992 458 3049 et
480 2984 600 3048 nullius
623 2983 729 3069 pretii.
752 3019 784 3029 —
815 2983 913 3048 etiam
936 2982 1045 3048 multis
1069 2983 1144 3048 aliis
1168 2982 1258 3068 locis,
1283 3004 1301 3049 e
1325 2983 1392 3065 qui-

164 3093 224 3158 bus
247 3091 377 3158 nomino
400 3092 432 3156 X
457 3094 484 3175 1,
511 3093 582 3176 130,
606 3096 714 3155 orator
737 3089 828 3173 uulgi
852 3089 960 3155 studia
984 3095 1017 3154 et
1039 3089 1161 3155 iudicia
1180 3111 1200 3155 a
1217 3110 1253 3156 se
1268 3089 1393 3175 despici

167 3206 199 3263 et
220 3220 278 3285 pro
302 3198 402 3264 nihilo
427 3199 540 3264 haberi
562 3198 702 3282 ingenue
726 3197 853 3262 fatetur.
