<?xml version="1.0" encoding="UTF-8"?>
<!DOCTYPE html PUBLIC "-//W3C//DTD XHTML 1.0 Transitional//EN"
    "http://www.w3.org/TR/xhtml1/DTD/xhtml1-transitional.dtd">
<html xmlns="http://www.w3.org/1999/xhtml" xml:lang="en" lang="en">
 <head>
  <title>
</title>
<meta http-equiv="Content-Type" content="text/html;charset=utf-8" />
  <meta name='ocr-system' content='tesseract 3.04.00' />
  <meta name='ocr-capabilities' content='ocr_page ocr_carea ocr_par ocr_line ocrx_word'/>
</head>
<body>
  <div class='ocr_page' id='page_1' title='image "./dequintilianili00reutgoog_0034.png"; bbox 0 0 3128 4942; ppageno 0'>
   <div class='ocr_carea' id='block_1_1' title="bbox 773 229 815 292">
    <p class='ocr_par' dir='ltr' id='par_1_1' title="bbox 773 229 815 292">
     <span class='ocr_line' id='line_1_1' title="bbox 773 229 815 292; baseline 0 0"><span class='ocrx_word' id='word_1_1' title='bbox 773 229 815 292; x_wconf 86' lang='grc'>23</span> 
     </span>
    </p>
   </div>
   <div class='ocr_carea' id='block_1_2' title="bbox 164 403 1490 4671">
    <p class='ocr_par' dir='ltr' id='par_1_2' title="bbox 164 403 1490 4557">
     <span class='ocr_line' id='line_1_2' title="bbox 270 403 1406 490; baseline -0.004 -18"><span class='ocrx_word' id='word_1_2' title='bbox 270 405 428 483; x_wconf 78' lang='lat' dir='ltr'>Quoniam</span> <span class='ocrx_word' id='word_1_3' title='bbox 451 405 600 490; x_wconf 88' lang='lat' dir='ltr'>uidimus,</span> <span class='ocrx_word' id='word_1_4' title='bbox 625 405 730 489; x_wconf 90' lang='lat' dir='ltr'>qualis</span> <span class='ocrx_word' id='word_1_5' title='bbox 755 426 795 471; x_wconf 91' lang='lat' dir='ltr'>ea</span> <span class='ocrx_word' id='word_1_6' title='bbox 811 411 898 472; x_wconf 89' lang='lat' dir='ltr'>esset</span> <span class='ocrx_word' id='word_1_7' title='bbox 913 403 1098 487; x_wconf 82' lang='lat' dir='ltr'>eloquentia</span> <span class='ocrx_word' id='word_1_8' title='bbox 1114 424 1210 487; x_wconf 93' lang='lat' dir='ltr'>quam</span> <span class='ocrx_word' id='word_1_9' title='bbox 1224 409 1406 489; x_wconf 75' lang='lat' dir='ltr'>corruptam</span> 
     </span>
     <span class='ocr_line' id='line_1_3' title="bbox 182 510 1405 598; baseline -0.005 -17"><span class='ocrx_word' id='word_1_10' title='bbox 182 535 252 581; x_wconf 90' lang='lat' dir='ltr'>esse</span> <span class='ocrx_word' id='word_1_11' title='bbox 267 513 486 590; x_wconf 81' lang='lat' dir='ltr'>Quintilianus</span> <span class='ocrx_word' id='word_1_12' title='bbox 509 519 650 598; x_wconf 88' lang='lat' dir='ltr'>putaret,</span> <span class='ocrx_word' id='word_1_13' title='bbox 673 534 736 577; x_wconf 95' lang='lat' dir='ltr'>non</span> <span class='ocrx_word' id='word_1_14' title='bbox 760 513 820 578; x_wconf 94' lang='lat' dir='ltr'>abs</span> <span class='ocrx_word' id='word_1_15' title='bbox 843 534 878 578; x_wconf 91' lang='lat' dir='ltr'>re</span> <span class='ocrx_word' id='word_1_16' title='bbox 907 511 1069 576; x_wconf 89' lang='lat' dir='ltr'>uidebitur</span> <span class='ocrx_word' id='word_1_17' title='bbox 1093 530 1166 576; x_wconf 93' lang='lat' dir='ltr'>esse</span> <span class='ocrx_word' id='word_1_18' title='bbox 1189 510 1405 596; x_wconf 91' lang='lat' dir='ltr'>considerare,</span> 
     </span>
     <span class='ocr_line' id='line_1_4' title="bbox 179 617 1405 705; baseline -0.002 -21"><span class='ocrx_word' id='word_1_19' title='bbox 179 642 274 705; x_wconf 92' lang='lat' dir='ltr'>quam</span> <span class='ocrx_word' id='word_1_20' title='bbox 297 619 471 685; x_wconf 79' lang='lat' dir='ltr'>facundiae</span> <span class='ocrx_word' id='word_1_21' title='bbox 500 620 636 684; x_wconf 91' lang='lat' dir='ltr'>formam</span> <span class='ocrx_word' id='word_1_22' title='bbox 669 626 700 684; x_wconf 89' lang='lat' dir='ltr'>et</span> <span class='ocrx_word' id='word_1_23' title='bbox 733 619 874 704; x_wconf 91' lang='lat' dir='ltr'>speciem</span> <span class='ocrx_word' id='word_1_24' title='bbox 906 619 977 703; x_wconf 89' lang='lat' dir='ltr'>ipse</span> <span class='ocrx_word' id='word_1_25' title='bbox 1010 618 1116 682; x_wconf 88' lang='lat' dir='ltr'>animo</span> <span class='ocrx_word' id='word_1_26' title='bbox 1149 617 1405 683; x_wconf 89' lang='lat' dir='ltr'>conformauerit.</span> 
     </span>
     <span class='ocr_line' id='line_1_5' title="bbox 178 723 1490 812; baseline -0.002 -20"><span class='ocrx_word' id='word_1_27' title='bbox 178 729 244 794; x_wconf 91' lang='lat' dir='ltr'>fere</span> <span class='ocrx_word' id='word_1_28' title='bbox 259 728 304 812; x_wconf 87' lang='lat' dir='ltr'>fit,</span> <span class='ocrx_word' id='word_1_29' title='bbox 328 733 363 793; x_wconf 92' lang='lat' dir='ltr'>ut</span> <span class='ocrx_word' id='word_1_30' title='bbox 379 727 599 792; x_wconf 77' lang='lat' dir='ltr'>Ciceronem</span> <span class='ocrx_word' id='word_1_31' title='bbox 615 727 785 811; x_wconf 88' lang='lat' dir='ltr'>opinentur</span> <span class='ocrx_word' id='word_1_32' title='bbox 802 747 915 790; x_wconf 93' lang='lat' dir='ltr'>unum</span> <span class='ocrx_word' id='word_1_33' title='bbox 930 725 992 791; x_wconf 92' lang='lat' dir='ltr'>sibi</span> <span class='ocrx_word' id='word_1_34' title='bbox 1015 723 1206 789; x_wconf 91' lang='lat' dir='ltr'>imitandum</span> <span class='ocrx_word' id='word_1_35' title='bbox 1225 723 1315 788; x_wconf 91' lang='lat' dir='ltr'>illum</span> <span class='ocrx_word' id='word_1_36' title='bbox 1332 745 1405 809; x_wconf 92' lang='lat' dir='ltr'>pro·</span> <span class='ocrx_word' id='word_1_37' title='bbox 1486 799 1490 807; x_wconf 31' lang='lat'>¹</span> 
     </span>
     <span class='ocr_line' id='line_1_6' title="bbox 177 829 1405 920; baseline -0.004 -20"><span class='ocrx_word' id='word_1_38' title='bbox 177 834 338 920; x_wconf 80' lang='lat' dir='ltr'>posuisse.</span> <span class='ocrx_word' id='word_1_39' title='bbox 376 839 410 897; x_wconf 92' lang='lat' dir='ltr'>ut</span> <span class='ocrx_word' id='word_1_40' title='bbox 423 833 699 918; x_wconf 86' lang='lat' dir='ltr'>Bernhardyus</span> <span class='ocrx_word' id='word_1_41' title='bbox 723 833 770 897; x_wconf 90' lang='lat' dir='ltr'>ait</span> <span class='ocrx_word' id='word_1_42' title='bbox 784 833 949 898; x_wconf 90' lang='lat' dir='ltr'>Historiae</span> <span class='ocrx_word' id='word_1_43' title='bbox 962 831 1157 898; x_wconf 86' lang='lat' dir='ltr'>Litterarum</span> <span class='ocrx_word' id='word_1_44' title='bbox 1171 829 1405 896; x_wconf 81' lang='lat' dir='ltr'>Romanarum⁵</span> 
     </span>
     <span class='ocr_line' id='line_1_7' title="bbox 178 936 1405 1026; baseline -0.002 -20"><span class='ocrx_word' id='word_1_45' title='bbox 178 942 212 1006; x_wconf 91' lang='lat' dir='ltr'>in</span> <span class='ocrx_word' id='word_1_46' title='bbox 240 963 261 1026; x_wconf 93' lang='lat' dir='ltr'>p</span> <span class='ocrx_word' id='word_1_47' title='bbox 289 942 352 1006; x_wconf 69' lang='lat'>857</span> <span class='ocrx_word' id='word_1_48' title='bbox 383 960 398 1005; x_wconf 96' lang='lat' dir='ltr'>s</span> <span class='ocrx_word' id='word_1_49' title='bbox 421 940 447 1004; x_wconf 90' lang='lat' dir='ltr'>f:</span> <span class='ocrx_word' id='word_1_50' title='bbox 493 941 555 1005; x_wconf 88' lang='lat' dir='ltr'>Die</span> <span class='ocrx_word' id='word_1_51' title='bbox 579 940 712 1006; x_wconf 88' lang='lat' dir='ltr'>Meister</span> <span class='ocrx_word' id='word_1_52' title='bbox 741 940 799 1005; x_wconf 88' lang='lat' dir='ltr'>der</span> <span class='ocrx_word' id='word_1_53' title='bbox 826 939 995 1005; x_wconf 88' lang='lat' dir='ltr'>Attischen</span> <span class='ocrx_word' id='word_1_54' title='bbox 1018 937 1266 1004; x_wconf 87' lang='lat' dir='ltr'>Beredsamkcit</span> <span class='ocrx_word' id='word_1_55' title='bbox 1292 936 1405 1004; x_wconf 88' lang='lat' dir='ltr'>hatten</span> 
     </span>
     <span class='ocr_line' id='line_1_8' title="bbox 179 1044 1404 1130; baseline -0.004 -17"><span class='ocrx_word' id='word_1_56' title='bbox 179 1049 234 1113; x_wconf 92' lang='lat' dir='ltr'>ibn</span> <span class='ocrx_word' id='word_1_57' title='bbox 257 1048 376 1114; x_wconf 88' lang='lat' dir='ltr'>seltner</span> <span class='ocrx_word' id='word_1_58' title='bbox 398 1047 449 1112; x_wconf 93' lang='lat' dir='ltr'>als</span> <span class='ocrx_word' id='word_1_59' title='bbox 473 1047 527 1113; x_wconf 93' lang='lat' dir='ltr'>die</span> <span class='ocrx_word' id='word_1_60' title='bbox 550 1049 667 1113; x_wconf 74' lang='lat' dir='ltr'>Romen</span> <span class='ocrx_word' id='word_1_61' title='bbox 688 1046 886 1130; x_wconf 78' lang='lat' dir='ltr'>beschaftigt</span> <span class='ocrx_word' id='word_1_62' title='bbox 909 1084 952 1094; x_wconf 92' lang='lat'><em>-</em></span> <span class='ocrx_word' id='word_1_63' title='bbox 975 1067 1028 1113; x_wconf 91' lang='lat' dir='ltr'>res</span> <span class='ocrx_word' id='word_1_64' title='bbox 1057 1053 1144 1112; x_wconf 87' lang='lat' dir='ltr'>certe</span> <span class='ocrx_word' id='word_1_65' title='bbox 1165 1066 1235 1110; x_wconf 55' lang='lat' dir='ltr'>¹non</span> <span class='ocrx_word' id='word_1_66' title='bbox 1262 1044 1344 1109; x_wconf 91' lang='lat' dir='ltr'>mira</span> <span class='ocrx_word' id='word_1_67' title='bbox 1370 1044 1404 1109; x_wconf 92' lang='lat' dir='ltr'>in</span> 
     </span>
     <span class='ocr_line' id='line_1_9' title="bbox 177 1153 1403 1238; baseline -0.002 -19"><span class='ocrx_word' id='word_1_68' title='bbox 177 1155 293 1229; x_wconf 87' lang='lat' dir='ltr'>Latino</span> <span class='ocrx_word' id='word_1_69' title='bbox 318 1156 460 1220; x_wconf 77' lang='lat' dir='ltr'>oratore!</span> <span class='ocrx_word' id='word_1_70' title='bbox 490 1192 533 1201; x_wconf 92' lang='lat'>—</span> <span class='ocrx_word' id='word_1_71' title='bbox 557 1154 623 1220; x_wconf 92' lang='lat' dir='ltr'>und</span> <span class='ocrx_word' id='word_1_72' title='bbox 646 1154 729 1219; x_wconf 90' lang='lat' dir='ltr'>noch</span> <span class='ocrx_word' id='word_1_73' title='bbox 752 1155 896 1238; x_wconf 82' lang='lat' dir='ltr'>weniger</span> <span class='ocrx_word' id='word_1_74' title='bbox 925 1154 995 1220; x_wconf 89' lang='lat' dir='ltr'>sein</span> <span class='ocrx_word' id='word_1_75' title='bbox 1022 1153 1126 1220; x_wconf 90' lang='lat' dir='ltr'>Urteil</span> <span class='ocrx_word' id='word_1_76' title='bbox 1148 1153 1326 1236; x_wconf 76' lang='lat' dir='ltr'>bestimmt3</span> <span class='ocrx_word' id='word_1_77' title='bbox 1350 1172 1403 1217; x_wconf 92' lang='lat' dir='ltr'>um</span> 
     </span>
     <span class='ocr_line' id='line_1_10' title="bbox 176 1259 1404 1346; baseline -0.002 -18"><span class='ocrx_word' id='word_1_78' title='bbox 176 1283 212 1328; x_wconf 93' lang='lat' dir='ltr'>so</span> <span class='ocrx_word' id='word_1_79' title='bbox 236 1261 326 1327; x_wconf 89' lang='lat' dir='ltr'>mehr·</span> <span class='ocrx_word' id='word_1_80' title='bbox 349 1282 419 1326; x_wconf 90' lang='lat' dir='ltr'>war</span> <span class='ocrx_word' id='word_1_81' title='bbox 442 1282 477 1327; x_wconf 92' lang='lat' dir='ltr'>er</span> <span class='ocrx_word' id='word_1_82' title='bbox 496 1262 628 1344; x_wconf 80' lang='lat' dir='ltr'>geneigt</span> <span class='ocrx_word' id='word_1_83' title='bbox 652 1261 715 1327; x_wconf 88' lang='lat' dir='ltr'>den</span> <span class='ocrx_word' id='word_1_84' title='bbox 736 1262 844 1346; x_wconf 86' lang='lat' dir='ltr'>Cipfel</span> <span class='ocrx_word' id='word_1_85' title='bbox 868 1262 926 1328; x_wconf 92' lang='lat' dir='ltr'>der</span> <span class='ocrx_word' id='word_1_86' title='bbox 939 1263 1046 1326; x_wconf 87' lang='lat' dir='ltr'>Kunst</span> <span class='ocrx_word' id='word_1_87' title='bbox 1066 1259 1133 1325; x_wconf 92' lang='lat' dir='ltr'>und</span> <span class='ocrx_word' id='word_1_88' title='bbox 1155 1259 1313 1343; x_wconf 83' lang='lat' dir='ltr'>Inbegriff</span> <span class='ocrx_word' id='word_1_89' title='bbox 1323 1260 1404 1326; x_wconf 92' lang='lat' dir='ltr'>aller</span> 
     </span>
     <span class='ocr_line' id='line_1_11' title="bbox 175 1368 1402 1452; baseline -0.001 -19"><span class='ocrx_word' id='word_1_90' title='bbox 175 1368 406 1434; x_wconf 87' lang='lat' dir='ltr'>reduerischen</span> <span class='ocrx_word' id='word_1_91' title='bbox 429 1368 567 1451; x_wconf 84' lang='lat' dir='ltr'>Tugend</span> <span class='ocrx_word' id='word_1_92' title='bbox 592 1369 743 1452; x_wconf 84' lang='lat' dir='ltr'>einseitig</span> <span class='ocrx_word' id='word_1_93' title='bbox 766 1370 799 1433; x_wconf 90' lang='lat' dir='ltr'>in</span> <span class='ocrx_word' id='word_1_94' title='bbox 826 1369 937 1434; x_wconf 89' lang='lat' dir='ltr'>Cicero</span> <span class='ocrx_word' id='word_1_95' title='bbox 971 1389 1010 1434; x_wconf 86' lang='lat' dir='ltr'>zu</span> <span class='ocrx_word' id='word_1_96' title='bbox 1043 1368 1151 1433; x_wconf 89' lang='lat' dir='ltr'>seben.</span> <span class='ocrx_word' id='word_1_97' title='bbox 1200 1387 1261 1432; x_wconf 90' lang='lat' dir='ltr'>nec</span> <span class='ocrx_word' id='word_1_98' title='bbox 1288 1368 1402 1449; x_wconf 83' lang='lat' dir='ltr'>negari</span> 
     </span>
     <span class='ocr_line' id='line_1_12' title="bbox 174 1474 1401 1561; baseline -0.001 -19"><span class='ocrx_word' id='word_1_99' title='bbox 174 1483 283 1561; x_wconf 88' lang='lat' dir='ltr'>potest</span> <span class='ocrx_word' id='word_1_100' title='bbox 295 1476 461 1560; x_wconf 92' lang='lat' dir='ltr'>palmam</span> <span class='ocrx_word' id='word_1_101' title='bbox 476 1474 520 1540; x_wconf 93' lang='lat' dir='ltr'>ad</span> <span class='ocrx_word' id='word_1_102' title='bbox 532 1475 616 1540; x_wconf 92' lang='lat' dir='ltr'>hunc</span> <span class='ocrx_word' id='word_1_103' title='bbox 632 1474 749 1540; x_wconf 89' lang='lat' dir='ltr'>deferri</span> <span class='ocrx_word' id='word_1_104' title='bbox 760 1496 832 1540; x_wconf 91' lang='lat' dir='ltr'>cum</span> <span class='ocrx_word' id='word_1_105' title='bbox 845 1475 954 1542; x_wconf 89' lang='lat' dir='ltr'>multis</span> <span class='ocrx_word' id='word_1_106' title='bbox 971 1475 1045 1542; x_wconf 89' lang='lat' dir='ltr'>aliis</span> <span class='ocrx_word' id='word_1_107' title='bbox 1065 1474 1146 1540; x_wconf 89' lang='lat' dir='ltr'>locis</span> <span class='ocrx_word' id='word_1_108' title='bbox 1160 1481 1227 1540; x_wconf 91' lang='lat' dir='ltr'>tum</span> <span class='ocrx_word' id='word_1_109' title='bbox 1239 1474 1272 1538; x_wconf 89' lang='lat' dir='ltr'>X</span> <span class='ocrx_word' id='word_1_110' title='bbox 1285 1478 1311 1559; x_wconf 89' lang='lat'>1,</span> <span class='ocrx_word' id='word_1_111' title='bbox 1331 1477 1401 1560; x_wconf 83' lang='grc'><strong>112,</strong></span> 
     </span>
     <span class='ocr_line' id='line_1_13' title="bbox 175 1580 1402 1665; baseline 0.001 -17"><span class='ocrx_word' id='word_1_112' title='bbox 175 1584 230 1648; x_wconf 91' lang='lat' dir='ltr'>ubi</span> <span class='ocrx_word' id='word_1_113' title='bbox 244 1583 326 1648; x_wconf 88' lang='lat' dir='ltr'>haee</span> <span class='ocrx_word' id='word_1_114' title='bbox 341 1588 484 1649; x_wconf 82' lang='lat' dir='ltr'>exstant:</span> <span class='ocrx_word' id='word_1_115' title='bbox 501 1582 613 1647; x_wconf 90' lang='lat' dir='ltr'>Cicero</span> <span class='ocrx_word' id='word_1_116' title='bbox 624 1582 689 1646; x_wconf 88' lang='lat' dir='ltr'>iam</span> <span class='ocrx_word' id='word_1_117' title='bbox 699 1602 763 1646; x_wconf 92' lang='lat' dir='ltr'>non</span> <span class='ocrx_word' id='word_1_118' title='bbox 772 1581 910 1647; x_wconf 89' lang='lat' dir='ltr'>bominis</span> <span class='ocrx_word' id='word_1_119' title='bbox 919 1602 1036 1646; x_wconf 90' lang='lat' dir='ltr'>nomen</span> <span class='ocrx_word' id='word_1_120' title='bbox 1050 1582 1107 1648; x_wconf 89' lang='lat' dir='ltr'>sed</span> <span class='ocrx_word' id='word_1_121' title='bbox 1118 1580 1332 1665; x_wconf 87' lang='lat' dir='ltr'>eloquentiae,</span> <span class='ocrx_word' id='word_1_122' title='bbox 1342 1632 1349 1646; x_wconf 91' lang='lat'><strong>.</strong></span> <span class='ocrx_word' id='word_1_123' title='bbox 1359 1632 1367 1646; x_wconf 89' lang='lat'><strong>.</strong></span> <span class='ocrx_word' id='word_1_124' title='bbox 1377 1632 1402 1649; x_wconf 90' lang='lat'>..</span> 
     </span>
     <span class='ocr_line' id='line_1_14' title="bbox 176 1688 1401 1774; baseline 0.001 -21"><span class='ocrx_word' id='word_1_125' title='bbox 176 1691 259 1755; x_wconf 88' lang='lat' dir='ltr'>bunc</span> <span class='ocrx_word' id='word_1_126' title='bbox 281 1690 380 1773; x_wconf 81' lang='lat' dir='ltr'>igitur</span> <span class='ocrx_word' id='word_1_127' title='bbox 403 1696 594 1774; x_wconf 83' lang='lat' dir='ltr'>spectemus,</span> <span class='ocrx_word' id='word_1_128' title='bbox 618 1689 679 1754; x_wconf 91' lang='lat' dir='ltr'>boc</span> <span class='ocrx_word' id='word_1_129' title='bbox 702 1689 902 1773; x_wconf 90' lang='lat' dir='ltr'>propositum</span> <span class='ocrx_word' id='word_1_130' title='bbox 931 1689 1024 1754; x_wconf 92' lang='lat' dir='ltr'>nobis</span> <span class='ocrx_word' id='word_1_131' title='bbox 1054 1689 1096 1754; x_wconf 91' lang='lat' dir='ltr'>sit</span> <span class='ocrx_word' id='word_1_132' title='bbox 1125 1688 1317 1773; x_wconf 84' lang='lat' dir='ltr'>exemplum,</span> <span class='ocrx_word' id='word_1_133' title='bbox 1345 1688 1401 1754; x_wconf 89' lang='lat' dir='ltr'>ille</span> 
     </span>
     <span class='ocr_line' id='line_1_15' title="bbox 176 1794 1401 1883; baseline -0.005 -19"><span class='ocrx_word' id='word_1_134' title='bbox 176 1818 211 1864; x_wconf 91' lang='lat' dir='ltr'>se</span> <span class='ocrx_word' id='word_1_135' title='bbox 234 1797 412 1883; x_wconf 86' lang='lat' dir='ltr'>profecisse</span> <span class='ocrx_word' id='word_1_136' title='bbox 437 1797 520 1864; x_wconf 91' lang='lat' dir='ltr'>sciat</span> <span class='ocrx_word' id='word_1_137' title='bbox 544 1797 595 1862; x_wconf 89' lang='lat' dir='ltr'>cui</span> <span class='ocrx_word' id='word_1_138' title='bbox 620 1797 732 1863; x_wconf 85' lang='lat' dir='ltr'>Cicero</span> <span class='ocrx_word' id='word_1_139' title='bbox 756 1796 854 1861; x_wconf 90' lang='lat' dir='ltr'>ualde</span> <span class='ocrx_word' id='word_1_140' title='bbox 876 1796 1027 1881; x_wconf 88' lang='lat' dir='ltr'>placebit.</span> <span class='ocrx_word' id='word_1_141' title='bbox 1041 1833 1084 1843; x_wconf 96' lang='lat'>—</span> <span class='ocrx_word' id='word_1_142' title='bbox 1107 1801 1141 1858; x_wconf 91' lang='lat' dir='ltr'>at</span> <span class='ocrx_word' id='word_1_143' title='bbox 1164 1794 1293 1858; x_wconf 89' lang='lat' dir='ltr'>minime</span> <span class='ocrx_word' id='word_1_144' title='bbox 1317 1795 1401 1860; x_wconf 91' lang='lat' dir='ltr'>arbi-</span> 
     </span>
     <span class='ocr_line' id='line_1_16' title="bbox 174 1900 1400 1986; baseline -0.001 -17"><span class='ocrx_word' id='word_1_145' title='bbox 174 1911 276 1970; x_wconf 90' lang='lat' dir='ltr'>tratur</span> <span class='ocrx_word' id='word_1_146' title='bbox 298 1904 421 1970; x_wconf 86' lang='lat' dir='ltr'>Fabius</span> <span class='ocrx_word' id='word_1_147' title='bbox 444 1924 556 1969; x_wconf 93' lang='lat' dir='ltr'>unum</span> <span class='ocrx_word' id='word_1_148' title='bbox 578 1904 680 1970; x_wconf 90' lang='lat' dir='ltr'>fuisse</span> <span class='ocrx_word' id='word_1_149' title='bbox 697 1903 882 1968; x_wconf 82' lang='lat' dir='ltr'>Ciceronem</span> <span class='ocrx_word' id='word_1_150' title='bbox 907 1925 926 1967; x_wconf 90' lang='lat' dir='ltr'>a</span> <span class='ocrx_word' id='word_1_151' title='bbox 951 1923 1013 1986; x_wconf 92' lang='lat' dir='ltr'>quo</span> <span class='ocrx_word' id='word_1_152' title='bbox 1028 1923 1139 1967; x_wconf 88' lang='lat' dir='ltr'>uerum</span> <span class='ocrx_word' id='word_1_153' title='bbox 1154 1900 1281 1967; x_wconf 91' lang='lat' dir='ltr'>dicendi</span> <span class='ocrx_word' id='word_1_154' title='bbox 1297 1922 1400 1985; x_wconf 84' lang='lat' dir='ltr'>genus</span> 
     </span>
     <span class='ocr_line' id='line_1_17' title="bbox 173 2008 1399 2097; baseline -0.001 -23"><span class='ocrx_word' id='word_1_155' title='bbox 173 2010 282 2076; x_wconf 89' lang='lat' dir='ltr'>fictum</span> <span class='ocrx_word' id='word_1_156' title='bbox 304 2011 509 2097; x_wconf 88' lang='lat' dir='ltr'>posterisque</span> <span class='ocrx_word' id='word_1_157' title='bbox 532 2011 679 2077; x_wconf 89' lang='lat' dir='ltr'>relictum</span> <span class='ocrx_word' id='word_1_158' title='bbox 703 2011 746 2076; x_wconf 89' lang='lat' dir='ltr'>sit</span> <span class='ocrx_word' id='word_1_159' title='bbox 769 2010 1037 2096; x_wconf 91' lang='lat' dir='ltr'>amplectendum.</span> <span class='ocrx_word' id='word_1_160' title='bbox 1060 2008 1278 2095; x_wconf 85' lang='lat' dir='ltr'>paragraphis</span> <span class='ocrx_word' id='word_1_161' title='bbox 1293 2010 1399 2094; x_wconf 83' lang='lat' dir='ltr'>proxi-</span> 
     </span>
     <span class='ocr_line' id='line_1_18' title="bbox 172 2116 1400 2184; baseline -0.001 -2"><span class='ocrx_word' id='word_1_162' title='bbox 172 2119 233 2184; x_wconf 87' lang='lat' dir='ltr'>mis</span> <span class='ocrx_word' id='word_1_163' title='bbox 256 2118 409 2183; x_wconf 91' lang='lat' dir='ltr'>laudibus</span> <span class='ocrx_word' id='word_1_164' title='bbox 432 2118 519 2183; x_wconf 91' lang='lat' dir='ltr'>illius</span> <span class='ocrx_word' id='word_1_165' title='bbox 542 2118 748 2183; x_wconf 90' lang='lat' dir='ltr'>multorum</span> <span class='ocrx_word' id='word_1_166' title='bbox 770 2118 886 2184; x_wconf 89' lang='lat' dir='ltr'>laudes</span> <span class='ocrx_word' id='word_1_167' title='bbox 910 2117 1081 2184; x_wconf 89' lang='lat' dir='ltr'>adduntur.</span> <span class='ocrx_word' id='word_1_168' title='bbox 1119 2138 1159 2182; x_wconf 84' lang='lat' dir='ltr'>ex</span> <span class='ocrx_word' id='word_1_169' title='bbox 1172 2116 1223 2181; x_wconf 91' lang='lat' dir='ltr'>his</span> <span class='ocrx_word' id='word_1_170' title='bbox 1239 2116 1400 2181; x_wconf 89' lang='lat' dir='ltr'>delectum</span> 
     </span>
     <span class='ocr_line' id='line_1_19' title="bbox 173 2222 1398 2309; baseline -0.002 -21"><span class='ocrx_word' id='word_1_171' title='bbox 173 2225 252 2291; x_wconf 87' lang='lat' dir='ltr'>facit</span> <span class='ocrx_word' id='word_1_172' title='bbox 266 2226 298 2289; x_wconf 89' lang='lat' dir='ltr'>X</span> <span class='ocrx_word' id='word_1_173' title='bbox 315 2229 344 2308; x_wconf 82' lang='grc'>2,</span> <span class='ocrx_word' id='word_1_174' title='bbox 359 2226 401 2291; x_wconf 81' lang='grc'>25</span> <span class='ocrx_word' id='word_1_175' title='bbox 417 2225 478 2289; x_wconf 90' lang='lat' dir='ltr'>ita:</span> <span class='ocrx_word' id='word_1_176' title='bbox 496 2224 575 2307; x_wconf 93' lang='lat' dir='ltr'>quid</span> <span class='ocrx_word' id='word_1_177' title='bbox 589 2233 721 2290; x_wconf 87' lang='lat' dir='ltr'>noceret</span> <span class='ocrx_word' id='word_1_178' title='bbox 735 2225 800 2289; x_wconf 93' lang='lat' dir='ltr'>uim</span> <span class='ocrx_word' id='word_1_179' title='bbox 816 2225 1014 2308; x_wconf 77' lang='lat' dir='ltr'>Caesaris,</span> <span class='ocrx_word' id='word_1_180' title='bbox 1034 2223 1244 2309; x_wconf 89' lang='lat' dir='ltr'>asperitatem</span> <span class='ocrx_word' id='word_1_181' title='bbox 1259 2222 1398 2309; x_wconf 90' lang='lat' dir='ltr'>Caelii,</span> 
     </span>
     <span class='ocr_line' id='line_1_20' title="bbox 172 2330 1399 2415; baseline -0.002 -19"><span class='ocrx_word' id='word_1_182' title='bbox 172 2332 376 2415; x_wconf 83' lang='lat' dir='ltr'>diligentiam</span> <span class='ocrx_word' id='word_1_183' title='bbox 402 2331 608 2415; x_wconf 91' lang='lat' dir='ltr'>Pollionis,</span> <span class='ocrx_word' id='word_1_184' title='bbox 637 2331 789 2396; x_wconf 91' lang='lat' dir='ltr'>iudicium</span> <span class='ocrx_word' id='word_1_185' title='bbox 818 2331 929 2396; x_wconf 90' lang='lat' dir='ltr'>Calui</span> <span class='ocrx_word' id='word_1_186' title='bbox 957 2330 1151 2414; x_wconf 91' lang='lat' dir='ltr'>quibusdam</span> <span class='ocrx_word' id='word_1_187' title='bbox 1178 2331 1211 2395; x_wconf 93' lang='lat' dir='ltr'>in</span> <span class='ocrx_word' id='word_1_188' title='bbox 1236 2330 1317 2397; x_wconf 90' lang='lat' dir='ltr'>locis</span> <span class='ocrx_word' id='word_1_189' title='bbox 1342 2330 1399 2395; x_wconf 89' lang='lat' dir='ltr'>ad·</span> 
     </span>
     <span class='ocr_line' id='line_1_21' title="bbox 172 2437 1398 2523; baseline -0.002 -18"><span class='ocrx_word' id='word_1_190' title='bbox 172 2441 319 2505; x_wconf 76' lang='lat' dir='ltr'>sumere?</span> <span class='ocrx_word' id='word_1_191' title='bbox 356 2439 513 2522; x_wconf 88' lang='lat' dir='ltr'>uidemus,</span> <span class='ocrx_word' id='word_1_192' title='bbox 532 2445 567 2504; x_wconf 90' lang='lat' dir='ltr'>ut</span> <span class='ocrx_word' id='word_1_193' title='bbox 587 2437 804 2516; x_wconf 81' lang='lat' dir='ltr'>Quintilianus</span> <span class='ocrx_word' id='word_1_194' title='bbox 819 2459 916 2503; x_wconf 91' lang='lat' dir='ltr'>unum</span> <span class='ocrx_word' id='word_1_195' title='bbox 936 2438 1122 2503; x_wconf 88' lang='lat' dir='ltr'>Ciceronem</span> <span class='ocrx_word' id='word_1_196' title='bbox 1136 2437 1327 2502; x_wconf 90' lang='lat' dir='ltr'>imitandum</span> <span class='ocrx_word' id='word_1_197' title='bbox 1340 2459 1398 2523; x_wconf 92' lang='lat' dir='ltr'>pu-</span> 
     </span>
     <span class='ocr_line' id='line_1_22' title="bbox 171 2543 1451 2631; baseline 0 -20"><span class='ocrx_word' id='word_1_198' title='bbox 171 2554 268 2631; x_wconf 90' lang='lat' dir='ltr'>taret,</span> <span class='ocrx_word' id='word_1_199' title='bbox 293 2552 416 2610; x_wconf 90' lang='lat' dir='ltr'>tantum</span> <span class='ocrx_word' id='word_1_200' title='bbox 449 2545 591 2631; x_wconf 86' lang='lat' dir='ltr'>afuisse,</span> <span class='ocrx_word' id='word_1_201' title='bbox 623 2552 658 2610; x_wconf 92' lang='lat' dir='ltr'>ut</span> <span class='ocrx_word' id='word_1_202' title='bbox 692 2565 912 2630; x_wconf 87' lang='lat' dir='ltr'>quaecumque</span> <span class='ocrx_word' id='word_1_203' title='bbox 944 2545 978 2609; x_wconf 94' lang='lat' dir='ltr'>in</span> <span class='ocrx_word' id='word_1_204' title='bbox 1010 2544 1084 2610; x_wconf 89' lang='lat' dir='ltr'>aliis</span> <span class='ocrx_word' id='word_1_205' title='bbox 1108 2543 1254 2610; x_wconf 92' lang='lat' dir='ltr'>eiusdem</span> <span class='ocrx_word' id='word_1_206' title='bbox 1278 2545 1397 2611; x_wconf 91' lang='lat' dir='ltr'>aetatis</span> <span class='ocrx_word' id='word_1_207' title='bbox 1448 2557 1451 2560; x_wconf 82' lang='grc'><strong>’</strong></span> 
     </span>
     <span class='ocr_line' id='line_1_23' title="bbox 171 2651 1398 2739; baseline -0.002 -20"><span class='ocrx_word' id='word_1_208' title='bbox 171 2653 380 2738; x_wconf 89' lang='lat' dir='ltr'>scriptoribus</span> <span class='ocrx_word' id='word_1_209' title='bbox 396 2653 576 2719; x_wconf 89' lang='lat' dir='ltr'>laudabilia</span> <span class='ocrx_word' id='word_1_210' title='bbox 590 2661 699 2720; x_wconf 88' lang='lat' dir='ltr'>essent</span> <span class='ocrx_word' id='word_1_211' title='bbox 718 2651 925 2738; x_wconf 74' lang='lat' dir='ltr'>adsectanuaj</span> <span class='ocrx_word' id='word_1_212' title='bbox 939 2652 1185 2720; x_wconf 89' lang='lat' dir='ltr'>commendaret.</span> <span class='ocrx_word' id='word_1_213' title='bbox 1209 2652 1296 2739; x_wconf 89' lang='lat' dir='ltr'>quid,</span> <span class='ocrx_word' id='word_1_214' title='bbox 1311 2652 1398 2739; x_wconf 95' lang='lat' dir='ltr'>quod</span> 
     </span>
     <span class='ocr_line' id='line_1_24' title="bbox 171 2760 1397 2847; baseline 0.001 -21"><span class='ocrx_word' id='word_1_215' title='bbox 171 2760 269 2827; x_wconf 93' lang='lat' dir='ltr'>etiam</span> <span class='ocrx_word' id='word_1_216' title='bbox 292 2760 376 2825; x_wconf 91' lang='lat' dir='ltr'>ultra</span> <span class='ocrx_word' id='word_1_217' title='bbox 399 2760 459 2826; x_wconf 92' lang='lat' dir='ltr'>bos</span> <span class='ocrx_word' id='word_1_218' title='bbox 482 2761 563 2826; x_wconf 89' lang='lat' dir='ltr'>fines</span> <span class='ocrx_word' id='word_1_219' title='bbox 586 2761 755 2847; x_wconf 77' lang='lat' dir='ltr'>procedit?</span> <span class='ocrx_word' id='word_1_220' title='bbox 780 2760 941 2845; x_wconf 92' lang='lat' dir='ltr'>quaedam</span> <span class='ocrx_word' id='word_1_221' title='bbox 964 2762 998 2826; x_wconf 91' lang='lat' dir='ltr'>in</span> <span class='ocrx_word' id='word_1_222' title='bbox 1021 2762 1167 2828; x_wconf 91' lang='lat' dir='ltr'>oratione</span> <span class='ocrx_word' id='word_1_223' title='bbox 1189 2762 1345 2827; x_wconf 92' lang='lat' dir='ltr'>innouare</span> <span class='ocrx_word' id='word_1_224' title='bbox 1365 2768 1397 2827; x_wconf 89' lang='lat' dir='ltr'>et</span> 
     </span>
     <span class='ocr_line' id='line_1_25' title="bbox 169 2867 1395 2955; baseline 0.003 -25"><span class='ocrx_word' id='word_1_225' title='bbox 169 2867 216 2931; x_wconf 89' lang='lat' dir='ltr'>ita</span> <span class='ocrx_word' id='word_1_226' title='bbox 238 2867 357 2933; x_wconf 92' lang='lat' dir='ltr'>iudicio</span> <span class='ocrx_word' id='word_1_227' title='bbox 381 2868 605 2951; x_wconf 89' lang='lat' dir='ltr'>uoluntatique</span> <span class='ocrx_word' id='word_1_228' title='bbox 629 2869 749 2935; x_wconf 89' lang='lat' dir='ltr'>aetatis</span> <span class='ocrx_word' id='word_1_229' title='bbox 773 2868 898 2951; x_wconf 91' lang='lat' dir='ltr'>aliquid</span> <span class='ocrx_word' id='word_1_230' title='bbox 922 2869 1099 2934; x_wconf 91' lang='lat' dir='ltr'>concedere</span> <span class='ocrx_word' id='word_1_231' title='bbox 1121 2888 1186 2934; x_wconf 93' lang='lat' dir='ltr'>non</span> <span class='ocrx_word' id='word_1_232' title='bbox 1209 2876 1312 2955; x_wconf 88' lang='lat' dir='ltr'>uetat,</span> <span class='ocrx_word' id='word_1_233' title='bbox 1337 2869 1395 2936; x_wconf 91' lang='lat' dir='ltr'>sed</span> 
     </span>
     <span class='ocr_line' id='line_1_26' title="bbox 168 2974 1395 3060; baseline 0.001 -20"><span class='ocrx_word' id='word_1_234' title='bbox 168 2975 333 3060; x_wconf 90' lang='lat' dir='ltr'>permittit.</span> <span class='ocrx_word' id='word_1_235' title='bbox 384 2975 470 3058; x_wconf 91' lang='lat' dir='ltr'>quod</span> <span class='ocrx_word' id='word_1_236' title='bbox 493 2981 585 3059; x_wconf 87' lang='lat' dir='ltr'>patet</span> <span class='ocrx_word' id='word_1_237' title='bbox 609 2995 649 3039; x_wconf 84' lang='lat' dir='ltr'>cx</span> <span class='ocrx_word' id='word_1_238' title='bbox 663 2975 727 3039; x_wconf 87' lang='lat' dir='ltr'>XII</span> <span class='ocrx_word' id='word_1_239' title='bbox 753 2978 802 3060; x_wconf 87' lang='lat'>10,</span> <span class='ocrx_word' id='word_1_240' title='bbox 822 2977 865 3040; x_wconf 86' lang='grc'>46</span> <span class='ocrx_word' id='word_1_241' title='bbox 890 2995 958 3060; x_wconf 89' lang='lat' dir='ltr'>sqq,</span> <span class='ocrx_word' id='word_1_242' title='bbox 982 2975 1036 3039; x_wconf 94' lang='lat' dir='ltr'>ubi</span> <span class='ocrx_word' id='word_1_243' title='bbox 1059 2974 1141 3040; x_wconf 90' lang='lat' dir='ltr'>baec</span> <span class='ocrx_word' id='word_1_244' title='bbox 1163 2976 1326 3060; x_wconf 81' lang='lat' dir='ltr'>leguntur:</span> <span class='ocrx_word' id='word_1_245' title='bbox 1351 2976 1395 3041; x_wconf 98' lang='lat' dir='ltr'>ad</span> 
     </span>
     <span class='ocr_line' id='line_1_27' title="bbox 170 3079 1393 3171; baseline 0.003 -25"><span class='ocrx_word' id='word_1_246' title='bbox 170 3082 260 3148; x_wconf 89' lang='lat' dir='ltr'>euius</span> <span class='ocrx_word' id='word_1_247' title='bbox 277 3079 398 3169; x_wconf 83' lang='lat' dir='ltr'>[Tullii]</span> <span class='ocrx_word' id='word_1_248' title='bbox 423 3083 625 3166; x_wconf 89' lang='lat' dir='ltr'>uoluptatem</span> <span class='ocrx_word' id='word_1_249' title='bbox 648 3081 728 3145; x_wconf 92' lang='lat' dir='ltr'>nihil</span> <span class='ocrx_word' id='word_1_250' title='bbox 744 3081 893 3166; x_wconf 89' lang='lat' dir='ltr'>equidem</span> <span class='ocrx_word' id='word_1_251' title='bbox 919 3081 1005 3165; x_wconf 94' lang='lat' dir='ltr'>quod</span> <span class='ocrx_word' id='word_1_252' title='bbox 1028 3081 1106 3147; x_wconf 92' lang='lat' dir='ltr'>addi</span> <span class='ocrx_word' id='word_1_253' title='bbox 1130 3083 1235 3168; x_wconf 91' lang='lat' dir='ltr'>possit</span> <span class='ocrx_word' id='word_1_254' title='bbox 1255 3083 1393 3171; x_wconf 91' lang='lat' dir='ltr'>inuenio,</span> 
     </span>
     <span class='ocr_line' id='line_1_28' title="bbox 169 3188 1394 3277; baseline 0.003 -25"><span class='ocrx_word' id='word_1_255' title='bbox 169 3189 231 3254; x_wconf 90' lang='lat' dir='ltr'>nisi</span> <span class='ocrx_word' id='word_1_256' title='bbox 254 3196 289 3254; x_wconf 91' lang='lat' dir='ltr'>ut</span> <span class='ocrx_word' id='word_1_257' title='bbox 312 3210 451 3255; x_wconf 90' lang='lat' dir='ltr'>sensus</span> <span class='ocrx_word' id='word_1_258' title='bbox 467 3210 526 3255; x_wconf 90' lang='lat' dir='ltr'>nos</span> <span class='ocrx_word' id='word_1_259' title='bbox 545 3189 691 3256; x_wconf 89' lang='lat' dir='ltr'>dicamus</span> <span class='ocrx_word' id='word_1_260' title='bbox 706 3189 816 3275; x_wconf 91' lang='lat' dir='ltr'>plures</span> <span class='ocrx_word' id='word_1_261' title='bbox 840 3240 915 3256; x_wconf 91' lang='lat'><strong>....</strong></span> <span class='ocrx_word' id='word_1_262' title='bbox 940 3193 971 3271; x_wconf 66' lang='grc' dir='ltr'>(ξ</span> <span class='ocrx_word' id='word_1_263' title='bbox 995 3188 1052 3277; x_wconf 87' lang='grc'>48)</span> <span class='ocrx_word' id='word_1_264' title='bbox 1077 3196 1217 3255; x_wconf 89' lang='lat' dir='ltr'>ceterum</span> <span class='ocrx_word' id='word_1_265' title='bbox 1230 3190 1291 3256; x_wconf 92' lang='lat' dir='ltr'>hoc</span> <span class='ocrx_word' id='word_1_266' title='bbox 1308 3191 1394 3274; x_wconf 94' lang='lat' dir='ltr'>quod</span> 
     </span>
     <span class='ocr_line' id='line_1_29' title="bbox 167 3296 1393 3383; baseline 0.002 -22"><span class='ocrx_word' id='word_1_267' title='bbox 167 3298 265 3379; x_wconf 84' lang='lat' dir='ltr'>uulgo</span> <span class='ocrx_word' id='word_1_268' title='bbox 290 3296 511 3383; x_wconf 66' lang='lat' dir='ltr'>sJententias</span> <span class='ocrx_word' id='word_1_269' title='bbox 535 3317 697 3382; x_wconf 88' lang='lat' dir='ltr'>necamus,</span> <span class='ocrx_word' id='word_1_270' title='bbox 722 3296 808 3380; x_wconf 91' lang='lat' dir='ltr'>quod</span> <span class='ocrx_word' id='word_1_271' title='bbox 827 3297 991 3363; x_wconf 90' lang='lat' dir='ltr'>ueteribus</span> <span class='ocrx_word' id='word_1_272' title='bbox 1004 3297 1244 3383; x_wconf 90' lang='lat' dir='ltr'>praecipueque</span> <span class='ocrx_word' id='word_1_273' title='bbox 1258 3297 1393 3364; x_wconf 84' lang='lat' dir='ltr'>Craecis</span> 
     </span>
     <span class='ocr_line' id='line_1_30' title="bbox 167 3402 1392 3490; baseline 0.004 -24"><span class='ocrx_word' id='word_1_274' title='bbox 167 3402 200 3466; x_wconf 90' lang='lat' dir='ltr'>in</span> <span class='ocrx_word' id='word_1_275' title='bbox 223 3424 284 3469; x_wconf 91' lang='lat' dir='ltr'>usu</span> <span class='ocrx_word' id='word_1_276' title='bbox 314 3402 462 3468; x_wconf 90' lang='lat' dir='ltr'>nonfuit</span> <span class='ocrx_word' id='word_1_277' title='bbox 494 3402 597 3490; x_wconf 90' lang='lat' dir='ltr'>(apud</span> <span class='ocrx_word' id='word_1_278' title='bbox 630 3403 817 3469; x_wconf 86' lang='lat' dir='ltr'>Ciceronem</span> <span class='ocrx_word' id='word_1_279' title='bbox 847 3403 931 3469; x_wconf 91' lang='lat' dir='ltr'>enim</span> <span class='ocrx_word' id='word_1_280' title='bbox 953 3403 1106 3488; x_wconf 88' lang='lat' dir='ltr'>inuenio),</span> <span class='ocrx_word' id='word_1_281' title='bbox 1131 3403 1206 3468; x_wconf 94' lang='lat' dir='ltr'>dum</span> <span class='ocrx_word' id='word_1_282' title='bbox 1228 3424 1296 3469; x_wconf 93' lang='lat' dir='ltr'>rem</span> <span class='ocrx_word' id='word_1_283' title='bbox 1319 3426 1392 3471; x_wconf 94' lang='lat' dir='ltr'>con-</span> 
     </span>
     <span class='ocr_line' id='line_1_31' title="bbox 166 3509 1392 3598; baseline 0.004 -24"><span class='ocrx_word' id='word_1_284' title='bbox 166 3510 291 3575; x_wconf 88' lang='lat' dir='ltr'>tineant</span> <span class='ocrx_word' id='word_1_285' title='bbox 314 3516 347 3575; x_wconf 92' lang='lat' dir='ltr'>et</span> <span class='ocrx_word' id='word_1_286' title='bbox 370 3510 465 3595; x_wconf 90' lang='lat' dir='ltr'>copia</span> <span class='ocrx_word' id='word_1_287' title='bbox 492 3531 557 3575; x_wconf 91' lang='lat' dir='ltr'>non</span> <span class='ocrx_word' id='word_1_288' title='bbox 579 3510 761 3586; x_wconf 89' lang='lat' dir='ltr'>redundent</span> <span class='ocrx_word' id='word_1_289' title='bbox 792 3517 825 3576; x_wconf 88' lang='lat' dir='ltr'>et</span> <span class='ocrx_word' id='word_1_290' title='bbox 856 3509 900 3575; x_wconf 93' lang='lat' dir='ltr'>ad</span> <span class='ocrx_word' id='word_1_291' title='bbox 931 3510 1100 3575; x_wconf 89' lang='lat' dir='ltr'>uictoriam</span> <span class='ocrx_word' id='word_1_292' title='bbox 1133 3518 1288 3598; x_wconf 85' lang='lat' dir='ltr'>spectent,</span> <span class='ocrx_word' id='word_1_293' title='bbox 1320 3513 1392 3596; x_wconf 91' lang='lat' dir='ltr'>quis</span> 
     </span>
     <span class='ocr_line' id='line_1_32' title="bbox 166 3617 1392 3701; baseline 0.003 -19"><span class='ocrx_word' id='word_1_294' title='bbox 166 3619 245 3683; x_wconf 90' lang='lat' dir='ltr'>utile</span> <span class='ocrx_word' id='word_1_295' title='bbox 259 3619 380 3701; x_wconf 80' lang='lat' dir='ltr'>neget?</span> <span class='ocrx_word' id='word_1_296' title='bbox 405 3623 500 3683; x_wconf 89' lang='lat' dir='ltr'>caute</span> <span class='ocrx_word' id='word_1_297' title='bbox 514 3623 622 3683; x_wconf 89' lang='lat' dir='ltr'>tamen</span> <span class='ocrx_word' id='word_1_298' title='bbox 636 3618 670 3682; x_wconf 93' lang='lat' dir='ltr'>in</span> <span class='ocrx_word' id='word_1_299' title='bbox 683 3618 835 3683; x_wconf 91' lang='lat' dir='ltr'>nouando</span> <span class='ocrx_word' id='word_1_300' title='bbox 850 3617 1046 3684; x_wconf 90' lang='lat' dir='ltr'>uersandum</span> <span class='ocrx_word' id='word_1_301' title='bbox 1060 3637 1134 3684; x_wconf 91' lang='lat' dir='ltr'>esse</span> <span class='ocrx_word' id='word_1_302' title='bbox 1158 3617 1311 3686; x_wconf 85' lang='lat' dir='ltr'>discimus</span> <span class='ocrx_word' id='word_1_303' title='bbox 1334 3622 1346 3685; x_wconf 99' lang='lat' dir='ltr'>l</span> <span class='ocrx_word' id='word_1_304' title='bbox 1370 3620 1392 3685; x_wconf 96' lang='lat' dir='ltr'>d</span> 
     </span>
     <span class='ocr_line' id='line_1_33' title="bbox 166 3724 1392 3812; baseline 0.001 -20"><span class='ocrx_word' id='word_1_305' title='bbox 166 3728 253 3810; x_wconf 57' lang='lat' dir='ltr'>§dl</span> <span class='ocrx_word' id='word_1_306' title='bbox 276 3725 331 3790; x_wconf 91' lang='lat' dir='ltr'>ubi</span> <span class='ocrx_word' id='word_1_307' title='bbox 349 3725 431 3790; x_wconf 91' lang='lat' dir='ltr'>haec</span> <span class='ocrx_word' id='word_1_308' title='bbox 450 3724 542 3791; x_wconf 86' lang='lat' dir='ltr'>dicit:</span> <span class='ocrx_word' id='word_1_309' title='bbox 568 3725 627 3791; x_wconf 92' lang='lat' dir='ltr'>sed</span> <span class='ocrx_word' id='word_1_310' title='bbox 649 3747 701 3792; x_wconf 93' lang='lat' dir='ltr'>me</span> <span class='ocrx_word' id='word_1_311' title='bbox 729 3726 885 3793; x_wconf 91' lang='lat' dir='ltr'>hactenus</span> <span class='ocrx_word' id='word_1_312' title='bbox 905 3725 1073 3792; x_wconf 91' lang='lat' dir='ltr'>cedentem</span> <span class='ocrx_word' id='word_1_313' title='bbox 1090 3747 1184 3792; x_wconf 93' lang='lat' dir='ltr'>nemo</span> <span class='ocrx_word' id='word_1_314' title='bbox 1203 3727 1392 3812; x_wconf 91' lang='lat' dir='ltr'>insequatur</span> 
     </span>
     <span class='ocr_line' id='line_1_34' title="bbox 165 3832 1390 3922; baseline 0.005 -26"><span class='ocrx_word' id='word_1_315' title='bbox 165 3832 258 3900; x_wconf 88' lang='lat' dir='ltr'>ultro.</span> <span class='ocrx_word' id='word_1_316' title='bbox 292 3832 333 3897; x_wconf 93' lang='lat' dir='ltr'>do</span> <span class='ocrx_word' id='word_1_317' title='bbox 348 3832 493 3917; x_wconf 90' lang='lat' dir='ltr'>tempori,</span> <span class='ocrx_word' id='word_1_318' title='bbox 514 3853 555 3898; x_wconf 92' lang='lat' dir='ltr'>ne</span> <span class='ocrx_word' id='word_1_319' title='bbox 570 3832 655 3897; x_wconf 91' lang='lat' dir='ltr'>hirta</span> <span class='ocrx_word' id='word_1_320' title='bbox 670 3839 748 3916; x_wconf 87' lang='lat' dir='ltr'>toga</span> <span class='ocrx_word' id='word_1_321' title='bbox 765 3832 815 3920; x_wconf 90' lang='lat' dir='ltr'>(cf</span> <span class='ocrx_word' id='word_1_322' title='bbox 823 3856 844 3918; x_wconf 90' lang='lat' dir='ltr'>p</span> <span class='ocrx_word' id='word_1_323' title='bbox 861 3836 904 3900; x_wconf 82' lang='lat'>20</span> <span class='ocrx_word' id='word_1_324' title='bbox 919 3832 984 3898; x_wconf 93' lang='lat' dir='ltr'>adn</span> <span class='ocrx_word' id='word_1_325' title='bbox 1001 3834 1055 3916; x_wconf 87' lang='grc'>13)</span> <span class='ocrx_word' id='word_1_326' title='bbox 1075 3833 1126 3920; x_wconf 91' lang='lat' dir='ltr'>sit,</span> <span class='ocrx_word' id='word_1_327' title='bbox 1149 3855 1213 3899; x_wconf 92' lang='lat' dir='ltr'>non</span> <span class='ocrx_word' id='word_1_328' title='bbox 1227 3842 1262 3900; x_wconf 91' lang='lat' dir='ltr'>ut</span> <span class='ocrx_word' id='word_1_329' title='bbox 1277 3836 1390 3922; x_wconf 89' lang='lat' dir='ltr'>serica,</span> 
     </span>
     <span class='ocr_line' id='line_1_35' title="bbox 164 3929 1390 4026; baseline 0.002 -23"><span class='ocrx_word' id='word_1_330' title='bbox 164 3960 205 4004; x_wconf 92' lang='lat' dir='ltr'>ne</span> <span class='ocrx_word' id='word_1_331' title='bbox 228 3939 391 4005; x_wconf 91' lang='lat' dir='ltr'>intonsum</span> <span class='ocrx_word' id='word_1_332' title='bbox 415 3947 521 4025; x_wconf 90' lang='lat' dir='ltr'>caput,</span> <span class='ocrx_word' id='word_1_333' title='bbox 544 3959 608 4005; x_wconf 92' lang='lat' dir='ltr'>non</span> <span class='ocrx_word' id='word_1_334' title='bbox 631 3946 666 4005; x_wconf 89' lang='lat' dir='ltr'>ut</span> <span class='ocrx_word' id='word_1_335' title='bbox 689 3940 722 4004; x_wconf 94' lang='lat' dir='ltr'>in</span> <span class='ocrx_word' id='word_1_336' title='bbox 746 3939 867 4023; x_wconf 85' lang='lat' dir='ltr'>gradus</span> <span class='ocrx_word' id='word_1_337' title='bbox 891 3947 988 4023; x_wconf 88' lang='lat' dir='ltr'>atque</span> <span class='ocrx_word' id='word_1_338' title='bbox 1011 3940 1126 4007; x_wconf 92' lang='lat' dir='ltr'>anulos</span> <span class='ocrx_word' id='word_1_339' title='bbox 1154 3929 1323 4026; x_wconf 85' lang='lat' dir='ltr'>comptum.</span> <span class='ocrx_word' id='word_1_340' title='bbox 1347 3980 1390 3990; x_wconf 96' lang='lat'>—</span> 
     </span>
     <span class='ocr_line' id='line_1_36' title="bbox 164 4045 1390 4129; baseline 0.005 -19"><span class='ocrx_word' id='word_1_341' title='bbox 164 4045 332 4112; x_wconf 90' lang='lat' dir='ltr'>moderato</span> <span class='ocrx_word' id='word_1_342' title='bbox 355 4046 454 4129; x_wconf 82' lang='lat' dir='ltr'>igitur</span> <span class='ocrx_word' id='word_1_343' title='bbox 476 4047 596 4112; x_wconf 88' lang='lat' dir='ltr'>iudicio</span> <span class='ocrx_word' id='word_1_344' title='bbox 621 4047 717 4112; x_wconf 88' lang='lat' dir='ltr'>etde</span> <span class='ocrx_word' id='word_1_345' title='bbox 741 4047 856 4114; x_wconf 89' lang='lat' dir='ltr'>ceteris</span> <span class='ocrx_word' id='word_1_346' title='bbox 881 4047 1113 4114; x_wconf 88' lang='lat' dir='ltr'>Ciceronianae</span> <span class='ocrx_word' id='word_1_347' title='bbox 1135 4048 1255 4114; x_wconf 90' lang='lat' dir='ltr'>aetatis</span> <span class='ocrx_word' id='word_1_348' title='bbox 1284 4055 1316 4113; x_wconf 89' lang='lat' dir='ltr'>et</span> <span class='ocrx_word' id='word_1_349' title='bbox 1349 4049 1390 4116; x_wconf 93' lang='lat' dir='ltr'>de</span> 
     </span>
     <span class='ocr_line' id='line_1_37' title="bbox 165 4152 1390 4242; baseline 0.006 -26"><span class='ocrx_word' id='word_1_350' title='bbox 165 4152 213 4217; x_wconf 90' lang='lat' dir='ltr'>eis</span> <span class='ocrx_word' id='word_1_351' title='bbox 242 4153 297 4235; x_wconf 91' lang='lat' dir='ltr'>qui</span> <span class='ocrx_word' id='word_1_352' title='bbox 324 4160 400 4238; x_wconf 90' lang='lat' dir='ltr'>post</span> <span class='ocrx_word' id='word_1_353' title='bbox 427 4175 499 4219; x_wconf 91' lang='lat' dir='ltr'>eum</span> <span class='ocrx_word' id='word_1_354' title='bbox 522 4154 650 4220; x_wconf 89' lang='lat' dir='ltr'>fuerunt</span> <span class='ocrx_word' id='word_1_355' title='bbox 677 4175 845 4221; x_wconf 89' lang='lat' dir='ltr'>censuram</span> <span class='ocrx_word' id='word_1_356' title='bbox 873 4154 962 4222; x_wconf 89' lang='lat' dir='ltr'>facit.</span> <span class='ocrx_word' id='word_1_357' title='bbox 1009 4175 1145 4238; x_wconf 87' lang='lat' dir='ltr'>quocum</span> <span class='ocrx_word' id='word_1_358' title='bbox 1169 4156 1326 4242; x_wconf 90' lang='lat' dir='ltr'>conuenit,</span> <span class='ocrx_word' id='word_1_359' title='bbox 1354 4164 1390 4223; x_wconf 91' lang='lat' dir='ltr'>ut</span> 
     </span>
     <span class='ocr_line' id='line_1_38' title="bbox 164 4258 1390 4347; baseline 0.007 -25"><span class='ocrx_word' id='word_1_360' title='bbox 164 4258 199 4323; x_wconf 93' lang='lat' dir='ltr'>id</span> <span class='ocrx_word' id='word_1_361' title='bbox 227 4259 382 4325; x_wconf 88' lang='lat' dir='ltr'>facultate</span> <span class='ocrx_word' id='word_1_362' title='bbox 410 4261 488 4326; x_wconf 89' lang='lat' dir='ltr'>data</span> <span class='ocrx_word' id='word_1_363' title='bbox 515 4282 672 4347; x_wconf 90' lang='lat' dir='ltr'>moneam,</span> <span class='ocrx_word' id='word_1_364' title='bbox 705 4260 791 4345; x_wconf 92' lang='lat' dir='ltr'>quod</span> <span class='ocrx_word' id='word_1_365' title='bbox 819 4261 928 4327; x_wconf 90' lang='lat' dir='ltr'>multis</span> <span class='ocrx_word' id='word_1_366' title='bbox 962 4283 1046 4347; x_wconf 92' lang='lat' dir='ltr'>quae</span> <span class='ocrx_word' id='word_1_367' title='bbox 1078 4283 1098 4327; x_wconf 89' lang='lat' dir='ltr'>a</span> <span class='ocrx_word' id='word_1_368' title='bbox 1130 4264 1292 4329; x_wconf 91' lang='lat' dir='ltr'>ueteribus</span> <span class='ocrx_word' id='word_1_369' title='bbox 1324 4285 1390 4331; x_wconf 92' lang='lat' dir='ltr'>non</span> 
     </span>
     <span class='ocr_line' id='line_1_39' title="bbox 165 4366 1388 4456; baseline 0.006 -25"><span class='ocrx_word' id='word_1_370' title='bbox 165 4373 257 4432; x_wconf 89' lang='lat' dir='ltr'>erant</span> <span class='ocrx_word' id='word_1_371' title='bbox 281 4366 403 4432; x_wconf 89' lang='lat' dir='ltr'>usitata</span> <span class='ocrx_word' id='word_1_372' title='bbox 427 4389 606 4435; x_wconf 90' lang='lat' dir='ltr'>sermonem</span> <span class='ocrx_word' id='word_1_373' title='bbox 630 4390 721 4435; x_wconf 87' lang='lat' dir='ltr'>suurn</span> <span class='ocrx_word' id='word_1_374' title='bbox 743 4389 829 4433; x_wconf 93' lang='lat' dir='ltr'>noua</span> <span class='ocrx_word' id='word_1_375' title='bbox 853 4368 994 4452; x_wconf 90' lang='lat' dir='ltr'>quadam</span> <span class='ocrx_word' id='word_1_376' title='bbox 1017 4376 1109 4436; x_wconf 91' lang='lat' dir='ltr'>ueste</span> <span class='ocrx_word' id='word_1_377' title='bbox 1123 4369 1227 4435; x_wconf 91' lang='lat' dir='ltr'>induit</span> <span class='ocrx_word' id='word_1_378' title='bbox 1239 4391 1388 4456; x_wconf 91' lang='lat' dir='ltr'>nouoque</span> 
     </span>
     <span class='ocr_line' id='line_1_40' title="bbox 164 4474 473 4557; baseline 0.006 -19"><span class='ocrx_word' id='word_1_379' title='bbox 164 4474 271 4540; x_wconf 88' lang='lat' dir='ltr'>colore</span> <span class='ocrx_word' id='word_1_380' title='bbox 295 4474 473 4557; x_wconf 84' lang='lat' dir='ltr'>distinguit.</span> 
     </span>
    </p>

    <p class='ocr_par' dir='ltr' id='par_1_3' title="bbox 254 4580 1154 4671">
     <span class='ocr_line' id='line_1_41' title="bbox 254 4580 1154 4671; baseline 0.004 -25"><span class='ocrx_word' id='word_1_381' title='bbox 254 4580 320 4646; x_wconf 82' lang='lat' dir='ltr'>Sed</span> <span class='ocrx_word' id='word_1_382' title='bbox 341 4581 513 4648; x_wconf 91' lang='lat' dir='ltr'>redeamus</span> <span class='ocrx_word' id='word_1_383' title='bbox 536 4603 556 4647; x_wconf 93' lang='lat' dir='ltr'>a</span> <span class='ocrx_word' id='word_1_384' title='bbox 580 4603 661 4648; x_wconf 93' lang='lat' dir='ltr'>sana</span> <span class='ocrx_word' id='word_1_385' title='bbox 685 4582 838 4649; x_wconf 91' lang='lat' dir='ltr'>facundia</span> <span class='ocrx_word' id='word_1_386' title='bbox 861 4583 905 4649; x_wconf 93' lang='lat' dir='ltr'>ad</span> <span class='ocrx_word' id='word_1_387' title='bbox 928 4591 1154 4671; x_wconf 87' lang='lat' dir='ltr'>corruptam.</span> 
     </span>
    </p>
   </div>
   <div class='ocr_carea' id='block_1_3' title="bbox 0 0 1568 4942">
    <p class='ocr_par' dir='ltr' id='par_1_4' title="bbox 0 0 1568 4942">
     <span class='ocr_line' id='line_1_42' title="bbox 0 0 1568 4942; baseline 0 5"><span class='ocrx_word' id='word_1_388' title='bbox 0 0 1568 4942; x_wconf 95' lang='lat' dir='ltr'> </span> 
     </span>
    </p>
   </div>
  </div>
 </body>
</html>
