3128 4942
781 277 802 344 3

81 554 83 558 Α
182 473 300 542 ieetiui.
345 474 432 559 quod
463 494 534 540 eum
563 494 603 540 ex
634 474 749 541 ueteris
781 473 862 541 loeis
894 472 1088 560 perspicitur
1120 480 1185 540 tum
1216 494 1256 540 ex
1292 473 1340 542 eis
1374 472 1407 540 in

183 583 297 666 quibus
336 582 555 668 superlatiuus
587 580 751 648 formatur.
798 582 853 665 qui
885 588 959 647 sunt
990 581 1038 646 hi:
1076 582 1152 647 VIII
1188 603 1320 668 prooem
1356 585 1408 650 25.

181 690 213 754 X
237 693 266 776 2,
294 694 343 755 14.

270 796 415 881 Videtur,
451 802 486 861 ut
522 794 557 859 id
592 795 667 861 huie
704 796 804 881 capiti
841 795 1041 881 subiugum,
1078 796 1200 862 Fabius
1239 796 1407 862 terminum

183 903 325 988 corrupti
353 924 371 969 e
400 902 564 968 Ciceronis
592 902 693 967 Bruto
724 901 953 988 desumpsisse.
1003 903 1049 968 ibi
1077 904 1161 968 enim
1189 907 1209 986 ξ
1233 907 1298 971 202
1326 905 1408 971 haee

182 1011 346 1093 leguntur:
383 1008 530 1076 cauenda
568 1014 619 1075 est
655 1030 768 1095 presso
808 1009 855 1073 iIIi
889 1009 1008 1075 oratori
1039 1009 1151 1096 inopia
1184 1017 1216 1076 et
1247 1011 1408 1096 ieiunitas,

184 1117 290 1202 ample
315 1122 422 1182 autem
445 1115 590 1181 inflatum
615 1123 647 1181 et
661 1123 880 1202 corruptum
895 1117 1050 1184 orati⁰nis
1065 1137 1176 1201 genus.
1205 1137 1267 1201 quo
1283 1138 1323 1183 ex
1337 1118 1408 1184 loeo

182 1224 216 1288 id
239 1244 366 1308 quoque
394 1229 532 1310 apparet
559 1223 715 1290 adcurate
743 1224 790 1288 illi
820 1224 954 1289 termine
982 1225 1179 1311 respondere
1206 1225 1295 1292 istud
1322 1226 1409 1310 quod

181 1351 240 1397 nos
272 1351 427 1398 uouemus
457 1330 616 1396 Manier.
675 1337 804 1416 praeter
835 1331 920 1397 hune
956 1330 1061 1397 locum
1100 1332 1236 1398 eonferri
1273 1339 1410 1419 possunt

180 1438 272 1504 Bruti
296 1440 374 1519 §36
398 1439 500 1504 uerba
523 1437 618 1503 haee:
644 1458 740 1504 sucus
763 1437 819 1502 iIIe
842 1446 874 1503 et
889 1438 1023 1522 sanguis
1037 1439 1285 1525 incorruptus
1307 1461 1410 1525 usque

182 1544 226 1610 ad
254 1544 339 1610 hane
368 1542 520 1632 [Lycurgi
543 1544 701 1610 Dinarchi
724 1543 893 1632 Demadis]
919 1553 1061 1612 aetatem
1089 1553 1251 1612 oratorum
1275 1547 1344 1633 fuit,
1376 1548 1410 1612 in

184 1672 248 1734 qua
270 1651 430 1719 naturalis
453 1653 585 1738 inesset,
607 1672 672 1717 non
695 1650 822 1718 sulcatus
845 1651 938 1718 nitor.
