3128 4942
778 266 820 332 13

185 458 387 543 praetulisse,
403 459 477 525 dum
492 459 600 526 laudis
616 459 733 526 falsam
751 461 927 545 imaginem
944 466 1163 546 persecuntur,
1187 460 1261 546 ipsa
1281 466 1413 546 propter

186 586 280 650 quam
303 565 422 633 dicitur
444 567 582 633 uictoria
606 567 732 634 cedunt
778 568 867 651 atqui
893 575 1001 633 cetere
1025 587 1109 651 quae
1133 568 1282 633 continuo
1306 567 1412 651 magis

184 673 338 739 orationis
362 680 467 739 tractu
484 674 656 740 decurrunt
670 677 703 739 in
717 674 872 740 auxilium
889 680 986 757 atque
1007 680 1229 740 ornamentum
1244 695 1412 758 argumen-

185 787 290 845 torum
323 788 549 867 comparantur
586 783 796 865 neruisque
833 781 898 846 illis
939 781 1053 865 quibus
1096 801 1196 847 causa
1234 782 1413 847 continetur

184 885 331 953 adiciunt
363 888 485 954 inducti
519 908 616 974 super
645 888 788 973 corporis
818 888 959 973 speciem
974 940 981 954 .
998 943 1003 955 .
1022 940 1050 955 ..
1084 887 1117 974 (ξ
1142 893 1175 968 3)
1210 888 1270 955 sed
1300 888 1413 954 horum

186 1013 260 1060 esse
288 1015 387 1080 opera
416 996 449 1060 in
476 996 573 1062 rebus
601 1002 658 1061 aut
687 995 784 1061 certis
813 1002 869 1061 aut
902 994 943 1060 de
976 995 1092 1078 quibus
1128 1003 1283 1080 tanquam
1315 996 1412 1062 certis

184 1099 343 1184 loquimur
356 1109 473 1188 potest.
502 1153 600 1169 .....
614 1122 674 1169 666
698 1102 863 1168 abnuerim
887 1122 960 1169 esse
984 1102 1108 1186 aliquid
1131 1103 1165 1168 in
1188 1102 1412 1187 delectatione,

185 1207 319 1273 multum
352 1230 430 1276 uero
463 1210 497 1274 16
526 1210 765 1277 commouendis
798 1209 995 1276 adfectibus:
1028 1210 1087 1276 sed
1121 1209 1202 1277 baec
1233 1210 1307 1296 ipsa
1338 1211 1412 1295 plus

184 1315 303 1399 ualent,
327 1336 398 1381 cum
414 1337 449 1383 se
473 1316 668 1383 didicisse
691 1316 789 1383 iudex
807 1323 915 1402 putat:
941 1316 1027 1400 quod
1042 1317 1195 1401 consequi
1218 1317 1282 1384 nisi
1297 1337 1410 1400 argu·

183 1424 422 1489 mentatione
446 1424 576 1507 aliaque
600 1425 687 1489 omni
709 1423 774 1489 fide
797 1445 923 1489 rerum
944 1444 1009 1489 non
1032 1444 1213 1509 possumus.

275 1546 377 1624 Quem
396 1549 502 1613 locum
526 1547 728 1614 conferentes
744 1569 815 1613 cum
839 1549 867 1614 V
893 1552 942 1633 1‘2,
973 1553 1012 1615 11
1039 1569 1098 1631 sqq
1126 1549 1223 1614 facile
1251 1548 1410 1632 intellegi-

185 1676 256 1722 mus
286 1655 319 1719 in
347 1661 483 1738 utroque
510 1655 596 1721 idem
626 1654 801 1721 eorundem
827 1656 990 1721 hominum
1018 1656 1131 1721 uitium
1160 1657 1345 1742 uituperari,
1378 1656 1412 1721 id

185 1769 235 1828 est
258 1762 455 1848 corruptis
480 1763 563 1828 obici
586 1763 879 1846 neglegentiam
902 1784 1033 1829 rerum.

463 1963 492 2026 2.
517 1960 687 2025 Peccant
711 1960 887 2046 corrupti
911 1960 1140 2027 elocutione.

274 2084 458 2150 Elocutioni
482 2091 701 2170 corruptorum
726 2085 849 2150 crimini
873 2084 1006 2152 dedisse
1026 2085 1259 2163 Quintilianum
1282 2086 1316 2151 in
1329 2086 1411 2152 libro

185 2190 226 2256 de
250 2192 359 2258 causis
383 2197 414 2256 τὸ
435 2194 605 2278 κακόζηλον
628 2199 766 2276 apparet
790 2212 829 2257 ex
852 2192 938 2277 VIII,
967 2195 996 2276 3,
1021 2196 1072 2259 66.
1127 2192 1213 2258 idem
1236 2193 1326 2258 ualet
1349 2212 1412 2257 uox

181 2301 378 2385 κακοζηλίας,
414 2319 478 2382 666
506 2298 605 2363 utitur
628 2298 727 2382 locis,
765 2300 819 2381 qui
847 2300 924 2363 item
961 2307 1110 2383 spectant
1147 2299 1190 2364 ad
1234 2305 1409 2385 corruptos,

182 2405 259 2470 VIII
283 2409 311 2489 6,
344 2409 383 2471 16
409 2405 549 2489 61113,
579 2408 613 2488 93
637 2406 691 2470 ubi
722 2405 804 2470 haec
832 2405 994 2489 leguntur:
1027 2405 1256 2472 ....tumidos
1285 2414 1317 2472 et
1344 2426 1411 2472 cor·

181 2519 293 2597 ruptos
318 2521 350 2578 et
373 2533 563 2596 quocunque
583 2513 647 2578 alio
668 2513 851 2578 cacozeliae
876 2532 994 2596 genere
1017 2519 1191 2598 peccantes
1215 2534 1281 2595 eqs.
1315 2533 1410 2595 quam

183 2640 295 2685 uocem
319 2620 500 2686 technieam
524 2620 640 2686 Latine
665 2622 712 2687 sic
739 2621 836 2686 uertit
859 2620 935 2684 VIII
959 2623 988 2704 3,
1003 2623 1056 2705 66,
1079 2628 1114 2685 61
1136 2620 1254 2686 reddat
1276 2619 1410 2687 termino

182 2727 308 2793 66166
331 2727 619 2796 adfectationis.
676 2728 753 2812 quid
787 2729 885 2812 igitur
917 2727 1063 2794 adfectat
1095 2728 1268 2814 cacozelia,
1300 2733 1332 2794 et
1356 2747 1411 2793 cur

183 2833 300 2900 dicitur
323 2835 409 2900 male
432 2835 466 2900 id
490 2835 679 2901 adfectare?

269 2959 423 3026 Adfectat
454 2961 483 3027 is
516 2961 571 3045 qui
599 2981 722 3046 pravo
747 2960 877 3027 studio
902 2960 1029 3026 ducitur
1053 2961 1204 3025 uirtutem
1227 2963 1410 3027 oratoriam.

183 3066 242 3132 sed
266 3088 336 3132 curn
360 3088 423 3133 non
456 3075 543 3134 recte
575 3068 713 3153 iudicet,
742 3068 857 3151 quibus
890 3068 986 3134 rebus
1017 3072 1143 3132 constet
1176 3066 1292 3152 uirtus,
1325 3066 1411 3132 falsa

181 3174 290 3258 specie
318 3175 446 3242 uirtutis
475 3175 623 3242 adlectus
647 3175 817 3241 deducitur
845 3175 877 3239 in
901 3174 990 3240 uitia.
1023 3173 1158 3259 pulchra
1173 3174 1272 3257 igitur
1288 3180 1407 3259 captat,

180 3280 369 3365 adsequitur
392 3283 507 3367 turpia.
553 3282 639 3348 unde
662 3282 698 3346 fit
720 3289 755 3347 ut
779 3282 848 3347 eius
876 3281 1015 3347 elocutio
1046 3287 1157 3346 careat
1179 3279 1410 3365 perspicuitate

180 3394 213 3453 et
236 3398 364 3454 ornatu:
394 3389 457 3455 hae
481 3390 565 3455 enim
589 3390 705 3456 laudes
730 3397 803 3456 sunt
827 3389 1027 3455 elocutionis.
1057 3387 1107 3472 (cf
1131 3389 1207 3452 VIII
1222 3391 1251 3470 2,
1269 3392 1297 3454 1.
1321 3391 1351 3472 3,
1368 3387 1410 3474 1).

180 3495 290 3578 itaque
314 3497 477 3562 cacozelia
501 3518 571 3562 cum
595 3517 749 3581 peruersa
772 3496 898 3562 ratione
922 3495 1057 3580 adpetat
1079 3496 1182 3561 bones
1205 3515 1268 3578 res,
1294 3494 1409 3560 merito

180 3605 266 3668 mala
290 3605 472 3669 nominatur
495 3603 682 3671 adfectatio.

275 3733 380 3812 Atque
405 3749 488 3813 6666
514 3729 556 3794 611
577 3728 635 3793 1116
658 3730 760 3795 uirtus
787 3729 877 3795 cuius
901 3749 1011 3794 amore
1035 3727 1202 3793 cacozelia
1225 3728 1353 3794 aberret
1377 3727 1410 3790 in

179 3837 260 3901 uitia
287 3837 482 3922 perspicitur
512 3857 552 3901 ex
576 3835 652 3900 VIII
676 3843 705 3921 6,
731 3840 781 3920 to,
804 3836 859 3901 ubi
883 3834 1102 3912 Quintilianus
1127 3835 1205 3899 dicit
1228 3834 1317 3899 nulla
1341 3833 1408 3898 alia

179 3944 234 4008 uia
266 3944 372 4027 magis
405 3944 437 4008 in
471 3944 666 4009 cacozeliam
721 3943 760 4007 iri
793 3963 887 4026 quam
920 3943 1016 4008 nimis
1058 3941 1145 4007 elata
1182 3940 1408 4026 hyperbole.

178 4048 355 4134 hyperbole
380 4051 464 4116 enim
489 4057 539 4117 est
561 4058 687 4135 tropus,
715 4051 816 4136 tropis
845 4057 952 4115 autem
981 4056 1143 4114 ornatur
1176 4048 1296 4131 orati03
1331 4068 1408 4131 ergo

182 4163 297 4241 peccat
321 4157 485 4223 cacozelia
508 4156 593 4223 falso
618 4164 778 4224 ornatus
803 4157 959 4242 adpetitu.

313 4263 480 4349 (1666666
504 4264 691 4331 definitione
715 4264 909 4330 conueniunt
937 4284 1021 4348 quae
1050 4263 1090 4329 de
1114 4260 1306 4349 acaotqbq⁵l
1354 4282 1406 4327 ex-

271 4477 291 4547 ὕ1
311 4479 420 4532 Primus
439 4479 558 4534 termino
577 4497 641 4533 usus
660 4482 709 4543 est,
730 4481 867 4546 quantum
891 4478 998 4542 scimus,
1014 4477 1188 4532 Neanthes
1208 4475 1407 4544 Cyzicenus:

178 4568 251 4635 quod
269 4569 378 4624 monuit
397 4568 685 4623 Wilamowitzius
703 4569 733 4622 in
752 4568 850 4623 scholis
870 4566 903 4622 de
921 4568 991 4621 libro
1010 4566 1059 4634 qui
1073 4568 1114 4620 est
1129 4564 1182 4634 περὶ
1201 4560 1279 4632 ὂψους
1293 4564 1405 4619 habitis.
