3128 4942
806 255 928 345 cr*

216 462 251 525 ut
282 451 388 542 ipsum
421 468 457 523 se
483 457 627 522 tueretur
655 461 767 522 contra
804 454 885 521 iram
917 454 1006 542 apud
1036 450 1215 542 principem
1246 447 1445 523 immodesto

216 564 366 651 discipuli
398 562 479 630 libro
513 570 665 630 exortam.
714 563 894 649 composuit
927 562 1066 647 denique
1097 563 1153 650 ita,
1186 571 1221 630 ut
1252 564 1324 650 ipse
1356 584 1445 648 quae

216 673 350 742 sentiret
377 691 525 755 quaeque
555 691 590 736 se
621 671 740 738 sentire
763 669 994 756 praecipiendo
1017 690 1081 736 non
1104 670 1297 738 infitiaretur
1319 671 1446 739 celaret

216 789 249 847 et
280 779 435 863 obsequio
468 777 618 845 simulato
651 779 836 844 occultaret.
885 798 962 862 ergo
991 777 1070 844 data
1099 778 1241 863 quadam
1270 779 1445 847 occasione

214 891 268 956 uel
295 888 403 975 potius
430 886 539 951 Taciti
565 884 766 972 impudentia
795 893 927 953 coaetus
950 887 1072 953 Fabius
1099 887 1216 953 librum
1244 887 1359 955 emisit.
1409 894 1446 953 at

216 998 370 1084 profecto,
393 1003 429 1063 ut
451 997 547 1061 aliter
569 1015 621 1060 res
645 995 728 1059 inter
748 1014 784 1061 se
798 993 985 1062 cohaesisse
1000 995 1228 1080 existimemus,
1253 993 1446 1060 adducimur

216 1104 509 1191 computationibus
541 1108 618 1169 ante
651 1100 756 1168 factis.
817 1122 857 1167 ex
889 1101 940 1168 his
973 1103 1058 1168 enim
1090 1108 1229 1188 apparet
1260 1102 1354 1168 annis
1386 1103 1445 1185 qui

216 1213 335 1279 fuerint
365 1211 442 1278 inde
474 1211 517 1276 ab
545 1229 630 1275 anno
655 1210 697 1275 82
720 1229 823 1292 usque
852 1208 895 1273 ad
919 1229 1036 1274 annum
1060 1213 1100 1276 87
1136 1230 1208 1276 cum
1238 1229 1338 1276 uxore
1368 1229 1445 1276 eum

217 1319 318 1387 nobili
345 1319 417 1384 loco
446 1323 517 1383 orta
544 1324 612 1382 tum
642 1315 771 1398 magnis
793 1315 945 1402 praedita
972 1316 1143 1383 uirtutibus
1174 1315 1224 1404 (cf
1241 1317 1288 1382 VI
1309 1336 1446 1402 prooem

218 1432 238 1510 ξ
251 1430 291 1494 13
306 1425 495 1492 auunculo
509 1423 683 1510 praetori
697 1429 729 1489 et
743 1426 763 1505 ξ
777 1420 813 1509 5)
828 1443 964 1507 cumque
978 1422 1103 1490 duobus
1117 1423 1194 1491 filiis
1209 1405 1446 1502 Quintilianum

216 1535 347 1601 beatam
369 1532 502 1616 degisse
524 1532 633 1598 uitam.
672 1551 743 1596 cum
765 1551 824 1616 per
847 1531 1030 1615 quindecim
1048 1551 1150 1598 annos
1165 1552 1297 1599 munere
1312 1531 1445 1598 iunctus

217 1648 313 1727 esset,
340 1662 408 1708 rem
435 1639 628 1706 familiarem
655 1639 717 1705 sibi
746 1639 917 1724 parauisse
940 1639 1104 1724 putandus
1128 1645 1179 1706 est
1202 1640 1283 1707 satis
1306 1641 1446 1723 largam.

216 1770 281 1816 non
312 1749 377 1814 iam
409 1748 536 1815 iuuenis
569 1753 654 1832 erat,
691 1745 750 1813 sed
783 1744 827 1811 ad
859 1752 1058 1814 senectutem
1090 1745 1303 1813 delabebatur
1339 1753 1446 1814 aetas.

217 1858 318 1923 multa
342 1862 429 1922 certe
452 1853 588 1939 fuerunt,
618 1875 674 1920 eur
701 1854 860 1937 cogitaret
883 1851 924 1919 de
948 1852 1056 1919 officio
1080 1853 1278 1938 abrogando.
1323 1854 1447 1922 scimus

217 1971 326 2031 autem
348 1963 410 2030 hoc
433 1983 506 2028 eum
529 1983 566 2029 se
589 1959 763 2026 abdicasse
786 1980 871 2025 anno
887 1963 938 2045 88,
960 1952 1078 2026 librum
1102 1960 1142 2026 de
1166 1962 1274 2028 causis
1294 1962 1447 2047 coepisse

218 2072 359 2140 scribere
397 2089 482 2135 anno
520 2067 588 2135 fere
628 2067 751 2135 eodem.
807 2068 917 2152 itaque
953 2074 1132 2153 temporum
1168 2069 1294 2136 ratione
1329 2069 1447 2136 habita

217 2179 399 2246 arctissime
430 2176 513 2243 haec
544 2176 628 2242 inter
660 2197 696 2242 se
724 2176 895 2242 coniuncta
924 2176 1026 2242 fuisse
1059 2175 1212 2243 debemus
1246 2177 1445 2246 existimare.

218 2308 301 2373 quae
325 2283 455 2370 quidem
483 2304 546 2367 quo
576 2283 710 2370 opinare
737 2282 897 2349 nectenda
926 2303 1000 2350 esse
1022 2283 1140 2350 modo?
1186 2304 1292 2350 nonne
1320 2284 1376 2369 ita,
1409 2291 1448 2350 ut

217 2402 375 2482 putemus,
408 2400 475 2459 tum
508 2413 580 2458 cum
611 2391 667 2458 ille
699 2392 733 2456 in
760 2392 860 2457 otium
898 2412 933 2458 se
965 2392 1132 2479 receperit,
1165 2413 1237 2458 eum
1268 2391 1326 2458 illa
1358 2412 1447 2475 quae

218 2503 352 2570 sentiret
386 2500 427 2567 de
462 2505 550 2566 statu
585 2499 789 2583 eloquentiae
826 2499 993 2565 Romanae
1028 2499 1110 2565 libro
1148 2519 1309 2585 exponere
1346 2505 1379 2566 et
1410 2501 1448 2565 in

216 2609 358 2677 medium
380 2607 524 2694 proferre
546 2606 713 2672 uoluisse?
760 2626 799 2671 ac
828 2605 927 2671 ualde
955 2605 1102 2672 uidemur
1130 2607 1200 2673 ueri
1228 2607 1370 2692 speciem
1393 2626 1447 2673 se-

219 2718 282 2803 qui,
306 2717 335 2783 si
359 2715 561 2799 suspicamur
584 2732 656 2778 eum
679 2713 734 2796 qui
757 2710 833 2778 inde
857 2733 877 2776 a
897 2731 959 2795 quo
974 2719 1119 2798 tempore
1135 2715 1315 2799 susceperit
1327 2734 1446 2781 munus

217 2822 423 2910 professoris,
456 2820 674 2904 eloquentiam
702 2818 746 2885 ad
774 2826 897 2886 rectam
925 2840 1070 2886 normam
1101 2821 1250 2906 redigere
1285 2822 1448 2890 studuerit

218 2930 268 3019 (ci
285 2931 317 2996 X
343 2933 375 3016 1,
405 2928 496 3017 125),
529 2928 627 2994 etiam
659 2929 821 3012 priuatum
853 2949 949 3012 quam
981 2929 1123 2996 maxime
1155 2937 1268 3016 posset
1299 2930 1447 2997 uoluisse

218 3040 407 3124 impugnare
430 3038 511 3104 istos
535 3057 555 3101 a
579 3037 695 3120 quibus
719 3043 821 3103 artem
845 3057 937 3102 suam
961 3037 1120 3122 corrumpi
1149 3038 1211 3103 sibi
1233 3037 1445 3123 persuaserit.

218 3167 279 3213 nec
300 3145 394 3232 parui
422 3144 574 3209 momenti
602 3143 692 3208 illum
719 3143 836 3210 librum
863 3144 966 3209 Fabio
998 3144 1063 3228 ipsi
1090 3145 1196 3210 uisum
1224 3165 1297 3212 esse
1330 3166 1370 3212 ex
1403 3165 1445 3211 eo

220 3259 319 3340 patet,
342 3250 429 3335 quod
452 3271 523 3318 cum
547 3251 709 3334 grauitate
723 3251 834 3334 aliqua
851 3271 923 3317 eum
938 3258 1166 3317 commemorat
1179 3252 1213 3317 in
1226 3253 1446 3320 institutionis

220 3361 300 3427 locis
323 3358 417 3425 nobis
436 3358 605 3443 inspectis:
630 3356 716 3441 quod
731 3364 818 3424 certe
832 3377 897 3422 non
911 3357 1051 3442 fecisset,
1076 3358 1104 3424 si
1116 3379 1222 3424 rerum
1235 3361 1446 3426 molestarum

218 3466 415 3534 necessitate
437 3465 519 3532 liber
544 3465 574 3531 ei
603 3485 777 3551 expressus
805 3470 901 3531 esset.
948 3485 1031 3548 quae
1059 3485 1131 3531 oum
1158 3467 1205 3531 ita
1233 3467 1305 3552 sint,
1339 3467 1367 3533 si
1396 3467 1446 3533 ita

219 3574 421 3658 arbitramur,
449 3578 485 3638 ut
508 3592 569 3656 ego
593 3572 757 3658 proposui,
787 3591 904 3637 nexum
926 3592 1032 3639 rerum
1056 3574 1227 3640 statuimus
1251 3573 1444 3640 dilucidum:

219 3702 314 3767 quem
326 3680 483 3747 habemus
497 3680 767 3765 obscurissimum,
783 3680 812 3745 si
826 3678 1063 3765 adstipulamur
1076 3680 1311 3747 Woelfflino.
1345 3687 1445 3766 atque

220 3790 249 3857 si
270 3787 369 3875 paulo
394 3785 560 3870 audacius,
584 3786 730 3853 sednon
753 3792 882 3872 temere,
911 3785 1065 3873 progredi
1088 3787 1173 3873 licet,
1197 3786 1346 3871 equidem
1370 3808 1444 3855 con-

219 3895 377 3963 tenderim
391 3893 1020 3980 Dialogumscribinonpotuisse
1042 3895 1444 3963 nisiliberdecausis

220 4009 310 4069 ante
333 4001 477 4068 fuisset
493 4001 675 4086 scriptus.
714 4006 823 4067 tantus
839 4002 924 4066 enim
939 4009 989 4069 est
1008 4021 1184 4069 consensus
1207 4002 1290 4067 inter
1305 4023 1344 4068 ea
1359 4023 1444 4087 quae

219 4111 341 4177 Fabius
365 4109 407 4177 de
429 4115 579 4193 corrupta
603 4108 788 4192 eloquentia
816 4115 849 4175 et
876 4129 916 4175 ea
944 4130 1028 4193 quae
1052 4109 1186 4175 Tacitus
1209 4147 1253 4156 —
1277 4110 1347 4176 siue
1370 4110 1444 4193 quis

223 4224 274 4286 est
296 4216 390 4302 alius,
413 4253 456 4264 -
479 4215 514 4280 id
538 4216 630 4300 enim,
657 4222 693 4281 ut
716 4215 792 4301 dixi,
815 4236 879 4282 non
902 4236 987 4302 curo,
1004 4255 1041 4265 —
1059 4214 1100 4282 de
1123 4217 1290 4283 imminuta
1314 4216 1444 4284 dicendi

220 4324 377 4390 facultate
400 4329 569 4389 senserunt
592 4329 690 4406 atque
713 4330 939 4409 exposuerunt,
963 4329 998 4388 ut
1020 4322 1156 4390 mirifica
1180 4345 1259 4391 sane
1278 4346 1331 4393 res
1347 4331 1443 4412 esset,

219 4431 283 4498 nisi
306 4429 389 4496 alter
412 4430 454 4495 ab
477 4430 580 4495 altero
603 4429 767 4516 penderet.
811 4431 902 4516 atqui
924 4450 1018 4496 nemo
1043 4451 1151 4517 sanus,
1174 4433 1295 4518 opinor,
1319 4438 1445 4498 tantum

156 4538 264 4640 Ab
291 4537 377 4604 omni
404 4536 474 4603 ueri
503 4537 668 4603 similitate
692 4538 830 4624 recedet,
854 4575 897 4586 -
921 4538 1007 4622 quod
1036 4537 1166 4623 quidem
1192 4539 1271 4605 iacit
1298 4539 1444 4606 Gruen·
