3128 4942
775 258 817 325 12

275 453 350 519 Non
372 452 447 518 ideo
471 460 578 518 tamen
603 453 673 518 sola
702 462 751 519 est
774 452 903 536 agenda
927 474 1004 519 cura
1022 456 1198 520 uerborum.
1246 474 1410 520 occurram

183 556 269 623 enim
300 579 434 625 necesse
467 565 517 624 est
549 566 624 625 et..
640 609 668 623 ..
699 560 849 626 resistam
883 560 924 626 iis
957 561 1011 643 qui
1048 561 1169 627 omissa
1200 582 1318 646 rerum,
1355 561 1410 645 qui

183 666 294 731 nerui
318 668 438 732 suntin
463 667 580 750 causis,
605 666 776 750 diligentia
800 667 940 750 quodam
964 669 1051 732 inani
1076 668 1162 734 circa
1178 689 1276 734 uoces
1301 667 1408 734 studio

185 782 357 839 senescunt
380 774 478 858 idque
502 773 625 839 faciunt
648 776 756 857 gratia
780 774 920 858 decoris,
955 775 1008 858 qui
1033 783 1083 841 est
1111 776 1144 840 in
1168 775 1304 842 dicendo
1336 796 1410 841 mea

183 879 312 961 quidem
338 881 489 967 opinione
512 881 759 966 pulcherrimus,
792 881 851 948 sed
884 902 954 947 cum
984 883 1139 966 sequitur,
1171 903 1236 948 non
1259 903 1329 948 cum
1353 882 1409 947 ad·
1463 896 1465 900 ·

182 985 330 1053 sectatur.
378 987 411 1074 (ξ
436 988 491 1072 20)
508 1040 515 1054 .
532 1041 537 1055 .
554 1039 585 1053 ,.
616 989 673 1053 illa
706 989 908 1055 translucida
937 996 969 1054 et
1001 990 1176 1055 uersicolor
1210 990 1409 1073 quorundam

185 1094 324 1161 elocutio
349 1117 401 1163 res
424 1096 515 1181 ipsas
531 1095 695 1161 effeminat
718 1116 801 1179 quae
824 1096 880 1160 illo
900 1097 1068 1162 uerborum
1092 1082 1203 1161 babitu
1222 1097 1410 1163 uestiantur.

183 1221 310 1267 curam
334 1224 410 1287 ergo
434 1205 654 1287 uerborum,
677 1223 802 1268 rerum
825 1205 899 1268 uolo
925 1224 997 1270 esse
1018 1203 1329 1270 sollicitudinem
1344 1225 1409 1286 eqs.

273 1329 322 1393 Ex
347 1328 507 1394 sententia
530 1327 721 1405 Quintiliani
745 1328 883 1393 orationi
908 1335 957 1394 est
979 1328 1187 1414 propositum,
1211 1336 1246 1393 ut
1262 1349 1302 1394 ea
1326 1349 1409 1411 quae

184 1433 217 1498 in
241 1436 440 1519 cogitatione
464 1435 528 1501 sint
551 1435 659 1501 uerbis
683 1434 812 1502 indicet.
868 1436 979 1519 itaque
1008 1437 1041 1501 in
1071 1456 1217 1502 sermone
1240 1435 1408 1501 formando

185 1548 262 1608 ante
285 1543 393 1608 omnia
417 1563 517 1629 opera
541 1550 591 1608 est
614 1541 735 1627 danda,
758 1551 793 1608 ut
817 1543 981 1627 cogitatae
1003 1544 1051 1609 rei
1074 1544 1185 1627 imago
1201 1564 1296 1627 quam
1311 1544 1409 1610 simil-

182 1648 261 1715 lima
289 1651 493 1736 exprimatur.
544 1670 648 1717 sermo
678 1651 762 1716 enim
789 1672 847 1736 per
871 1671 994 1717 senon
1027 1652 1160 1716 multum
1191 1651 1292 1734 ualet,
1320 1651 1410 1716 ualet

183 1756 362 1842 plurimum,
388 1759 415 1824 si
440 1759 600 1823 animatur
623 1758 828 1841 cogitatione.
862 1759 1003 1843 corrupti
1027 1764 1134 1824 autem
1158 1758 1330 1843 opinantur
1352 1778 1410 1843 per

102 1884 104 1888 ’
185 1883 220 1928 se
244 1864 368 1948 aliquid
392 1885 465 1932 esse
488 1865 602 1931 uerba:
628 1885 692 1947 qua
716 1864 803 1929 ducti
827 1865 977 1949 opinione
1001 1865 1106 1948 magis
1122 1885 1218 1947 quam
1232 1865 1409 1932 inuentioni

184 1970 315 2037 student
338 1972 511 2037 elocutioni
547 1972 658 2055 itaque
682 1971 715 2035 id
738 1972 843 2056 ipsum
868 1991 976 2037 eorum
1000 1980 1050 2038 est
1072 1972 1184 2037 vitium
1204 1972 1291 2056 quod
1314 1992 1405 2057 prae·

183 2077 288 2144 ferunt
312 2100 422 2145 curam
441 2078 613 2162 eloquendi
637 2099 734 2145 curae
748 2078 914 2162 cogitandi
928 2086 1129 2164 peccantque
1149 2100 1187 2145 eo
1208 2078 1294 2162 quod
1309 2080 1406 2144 ratio·

184 2204 256 2250 nem
280 2206 364 2269 quae
388 2186 484 2252 debet
507 2186 707 2253 intercedere
729 2186 813 2252 inter
835 2207 888 2252 res
912 2193 944 2252 et
967 2188 1067 2252 uerba
1090 2193 1211 2252 rectam
1234 2187 1267 2251 in
1291 2186 1408 2253 falsam

185 2300 381 2359 conuertant.
428 2300 525 2377 atque
548 2293 599 2359 his
624 2293 817 2360 sententiam
837 2290 1029 2365 Quintiliani
1052 2299 1128 2359 uere
1153 2314 1226 2360 esse
1249 2293 1409 2359 redditam

184 2406 275 2480 patet
298 2401 406 2467 uerbis
430 2422 513 2485 qnae
528 2401 584 2467 ille
604 2401 683 2466 facit
702 2400 743 2465 de
766 2400 1070 2485 probationibus
1094 2400 1132 2465 in
1156 2400 1409 2486 antepositis

185 2507 212 2570 V
236 2510 265 2591 8,
292 2511 391 2574 1-3:
417 2528 434 2573 e
458 2508 574 2592 quibus
598 2507 710 2573 adfero
734 2507 830 2574 haec:

273 2634 354 2700 Pars
379 2633 483 2699 altera
505 2634 743 2719 probationum,
767 2652 850 2716 quae
875 2638 924 2698 est
952 2638 1021 2697 tota
1044 2632 1081 2697 in
1105 2640 1190 2697 arte
1219 2639 1409 2716 constatque

185 2741 279 2806 rebus
304 2740 347 2805 ad
371 2739 554 2806 faciendam
576 2739 674 2805 fidem
697 2738 871 2824 adpositis,
900 2739 1088 2823 plerumque
1116 2747 1172 2804 aut
1200 2740 1327 2805 omnino
1354 2760 1408 2804 ne-

184 2846 326 2930 glegitur
349 2856 405 2912 aut
428 2847 593 2914 lenissime
617 2847 787 2930 attingitur
810 2847 851 2912 ab
876 2846 916 2913 iis
941 2846 995 2930 qui
1011 2854 1201 2931 argumenta
1225 2847 1315 2913 uelut
1338 2846 1407 2910 hor-

184 2952 256 3018 rida
280 2960 312 3020 et
340 2953 535 3038 confragosa
564 2955 706 3020 uitantes
739 2954 975 3020 amoenioribus
1009 2954 1090 3020 locis
1123 2953 1273 3021 desident
1304 2973 1408 3037 neque

185 3060 280 3126 aliter
303 3082 399 3145 quam
423 3061 447 3127 ii
470 3062 524 3144 qni
547 3061 718 3127 traduntur
740 3082 760 3125 a
784 3061 890 3146 poetis
910 3068 1006 3144 gustu
1022 3061 1189 3126 cuiusdam
1213 3059 1301 3146 apud
1314 3061 1407 3125 Loto-

184 3167 312 3252 phagas
340 3168 496 3251 graminis
535 3175 567 3234 et
602 3168 746 3234 Sirenum
780 3173 876 3233 cantu
910 3166 1044 3233 deleniti
1077 3168 1277 3252 uoluptatem
1312 3165 1409 3232 saluti

184 3382 407 3452 Spaldingius
421 3383 592 3437 demonstrat
606 3382 707 3436 adlatis
721 3382 787 3436 locis
802 3381 858 3435 his:
874 3381 897 3434 V
915 3381 952 3444 14,
963 3383 1004 3434 31.
1020 3381 1073 3435 VH
1086 3383 1231 3449 prooemd.
1246 3381 1324 3436 VIIo
1337 3383 1369 3436 10
1377 3382 1408 3436 af.

183 3471 238 3525 XII
248 3473 272 3536 2,
283 3473 326 3526 26.
346 3471 392 3526 sed
406 3472 479 3540 quod
492 3471 551 3540 ipse
561 3471 678 3526 coniecit
691 3474 817 3525 terram
831 3470 999 3538 quandam
1014 3470 1144 3524 uariam
1159 3487 1229 3525 esse
1243 3489 1298 3525 non
1310 3472 1409 3541 placet,

185 3560 252 3628 quia
266 3561 419 3615 subiectum
434 3560 584 3616 accusativi
599 3578 659 3614 cum
673 3559 813 3613 infinitiuo
827 3577 882 3613 non
891 3558 972 3614 facile
983 3560 1126 3628 suppletur
1134 3562 1163 3614 et
1173 3559 1239 3628 quia
1248 3560 1411 3626 metaphora

183 3650 233 3704 illa
252 3650 319 3704 satis
338 3652 379 3704 est
398 3650 519 3704 obscura.
548 3651 578 3703 in
597 3650 635 3704 eis
654 3667 763 3717 quoque
782 3666 853 3717 quae
870 3649 1046 3717 protulerunt
1065 3648 1271 3704 (iernhardus
1289 3648 1409 3702 tritam

183 3740 351 3808 quandam
369 3739 458 3793 uiam
472 3757 543 3794 esse
558 3742 586 3793 et
598 3738 789 3808 Happelius
805 3738 888 3804 (Anal
902 3738 954 3793 crit
968 3758 987 3808 p
1000 3738 1229 3805 16)materiam
1244 3737 1410 3805 quandam

183 3830 314 3884 uariam
333 3845 405 3884 ease
424 3829 609 3883 desideramus
627 3828 789 3883 subiectum.
827 3827 900 3896 quod
914 3845 978 3882 uero
992 3827 1158 3881 Wollfius
1176 3826 1285 3880 inuenit
1304 3828 1410 3881 artem

183 3919 317 3987 quidem
335 3919 465 3973 uariam
488 3935 559 3973 esse
587 3935 622 3972 ne
645 3935 742 3971 uerum
769 3917 880 3985 quidem
904 3922 953 3972 est.
994 3934 1060 3970 nam
1079 3914 1267 3982 Quintilianus
1290 3915 1357 3970 VIII
1377 3918 1410 3970 1o

185 4011 217 4062 14
237 4026 268 4076 sq
291 4007 359 4062 dicit
378 4008 445 4062 artis
463 4008 502 4062 ie
525 4006 618 4077 τέχνης
636 4006 789 4061 rhetoricae
813 4024 869 4061 esse
898 4010 973 4061 certa
997 4005 1062 4060 dare
1085 4007 1245 4074 praecepta,
1275 4004 1411 4061 oratoriae

183 4097 327 4152 facultatis
346 4097 511 4152 uarietatem
530 4097 606 4151 uitae
625 4095 702 4164 sequi
722 4096 808 4149 uariis
827 4096 934 4150 dicendi
957 4094 1052 4149 modis.
1096 4093 1226 4147 Halmii
1250 4093 1321 4148 illud
1343 4113 1410 4150 ma-

183 4187 272 4241 teria
295 4186 428 4254 quidem
447 4186 544 4240 naria
562 4189 612 4240 est
634 4185 736 4239 falsum
759 4184 829 4238 mihi
853 4185 963 4239 uidetur
981 4200 1045 4247 esse,
1069 4184 1136 4252 quia
1163 4184 1249 4239 uerba
1276 4185 1411 4240 credere

183 4293 268 4344 quae
290 4275 400 4330 discet
424 4275 513 4330 uelit
536 4293 596 4330 cum
622 4274 851 4342 subsequentibus
871 4276 939 4343 puto
962 4273 1103 4342 iungenda
1125 4290 1190 4327 esse.
1229 4274 1327 4343 itaque
1350 4291 1409 4343 pro·

182 4365 320 4434 posuerim
343 4368 375 4419 ut
398 4366 509 4434 legatur
530 4365 581 4419 sic:
611 4368 717 4419 artem
745 4368 885 4428 certam,
913 4362 1147 4430 eloquentiam
1172 4363 1303 4418 uariam
1330 4379 1410 4417 ease.

183 4455 252 4509 haec
274 4454 414 4508 sententia
437 4454 568 4509 mannate
590 4453 736 4522 respondet
760 4453 799 4508 eis
823 4469 894 4520 quae
922 4451 1023 4506 Fabius
1050 4452 1155 4521 profert
1173 4452 1238 4507 libri
1262 4451 1327 4507 VlI¹
1352 4452 1410 4506 loco

183 4543 286 4603 adlato.
323 4559 374 4599 nec
391 4543 517 4600 uiolenta
535 4546 577 4601 est
596 4543 703 4599 medela
721 4560 806 4613 qnam
825 4540 915 4598 uerbis
935 4541 1075 4599 admoneo.
