3128 4942
678 986 806 1097 Caput
838 988 914 1071 III.

229 1137 280 1204 Ile
304 1137 474 1222 corrupta
498 1137 702 1220 eloquentia
725 1139 837 1222 deque
860 1141 937 1206 elus
961 1141 1078 1209 causis
1101 1142 1186 1224 quid
1211 1141 1365 1209 senserit

669 1245 923 1334 Quintilianus.

515 1397 541 1458 1.
569 1391 789 1475 Neglegunt
813 1394 987 1479 corrupti
1009 1413 1080 1460 res.

270 1514 419 1583 Vidimus
438 1538 478 1584 ex
501 1518 595 1601 vlu,
622 1521 660 1583 ll
684 1538 744 1601 sqq
767 1525 935 1604 corruptos
959 1520 1096 1604 prImum
1125 1540 1163 1586 eo
1193 1541 1214 1586 a
1235 1521 1324 1588 sanis
1349 1520 1409 1586 dii-

184 1623 275 1708 ferrc,
307 1623 394 1707 quod
424 1644 487 1690 rer
519 1625 706 1709 neglegant.
761 1626 838 1709 quin
868 1646 903 1693 re
935 1647 1014 1692 uera
1041 1627 1123 1693 haec
1153 1626 1195 1693 sit
1219 1627 1410 1705 Quintiliani

184 1731 354 1816 sententia,
383 1731 520 1798 forsitan
543 1732 616 1816 quis
639 1733 763 1800 dubitet
786 1733 934 1820 inspecta
957 1735 1034 1800 VIII
1052 1754 1184 1820 prooem
1207 1735 1246 1816 §⁰
1264 1738 1331 1820 17⁸,
1355 1736 1410 1801 ubi

182 1837 264 1904 haee
286 1838 451 1922 leguntur:

270 1946 383 2029 Neque
397 1946 513 2013 Asiani
536 1954 593 2013 aut
606 1968 795 2032 quocunque
819 1949 884 2015 alio
899 1969 1018 2033 genere
1035 1949 1174 2035 corrupti
1197 1969 1261 2015 res
1284 1969 1349 2015 non
1362 1949 1409 2015 ui-

183 2053 298 2119 derunt
326 2059 383 2119 aut
415 2074 471 2120 eas
498 2075 563 2120 non
595 2055 834 2122 colloeauerunt
861 2077 967 2141 neque
998 2077 1079 2141 quos
1112 2056 1222 2123 aridos
1255 2076 1409 2123 necamus

183 2161 273 2227 stulti
296 2167 353 2226 aut
376 2161 409 2226 in
433 2162 541 2228 causis
566 2162 655 2228 caeci
679 2161 814 2247 fuerunt,
838 2163 897 2229 sed
920 2163 970 2229 his
994 2164 1147 2243 iudicium
1171 2164 1204 2229 in
1228 2162 1408 2247 eloquendo

183 2289 222 2334 ac
244 2269 368 2355 modus,
393 2268 458 2335 illis
482 2268 569 2335 uires
593 2268 772 2354 defuerunt,
796 2276 831 2335 ut
855 2277 1014 2356 appareat
1038 2272 1071 2337 iu
1094 2271 1156 2336 hoo
1180 2278 1212 2337 et
1236 2270 1349 2336 uitium
1377 2277 1410 2336 et

181 2375 333 2443 uirtutem
356 2397 430 2443 esse
455 2375 592 2443 dicendi.

271 2484 349 2567 quid
372 2484 493 2568 igitur?
517 2505 623 2552 nonne
647 2484 817 2553 confitetur
839 2485 1035 2551 inuentionis
1059 2491 1091 2552 et
1106 2485 1331 2570 dispositionis
1354 2505 1409 2571 pe·

182 2590 261 2656 ritos
290 2611 364 2658 esse
396 2592 536 2658 Asianos
569 2599 602 2659 et
624 2599 807 2680 corruptos,
838 2593 871 2659 in
899 2593 1080 2661 elocutione
1106 2613 1213 2659 nonne
1246 2612 1302 2658 eos
1331 2591 1409 2658 dicit

183 2699 355 2766 aberrasse
379 2721 399 2765 a
423 2701 522 2766 uero?
547 2702 773 2785 -quomodo
798 2702 978 2769 sententiae
1006 2721 1080 2768 sese
1108 2700 1272 2787 excipiant
1299 2699 1408 2765 uidea-

182 2827 264 2874 mus.
290 2805 367 2872 inde
390 2827 411 2871 a
434 2807 473 2888 §⁰
499 2811 553 2874 13⁸
581 2809 719 2894 probare
743 2808 812 2874 uult
835 2816 961 2894 partem
981 2808 1090 2893 operis
1113 2827 1197 2891 quae
1221 2807 1264 2873 sit
1284 2806 1326 2873 de
1344 2807 1408 2872 elo-

183 2914 311 2979 cutione
335 2914 433 2980 etiam
458 2914 641 2999 grauiorem
665 2935 738 2981 esse
763 2935 859 2998 quem
873 2935 955 2998 quas
970 2915 1166 2998 tractanerit,
1191 2914 1409 2981 inuentionem

183 3026 215 3085 et
246 3020 500 3108 dispositionem.
556 3021 642 3105 quod
673 3042 826 3106 magnum
863 3021 1035 3105 eloquendi
1067 3022 1206 3106 pretium
1242 3027 1277 3086 ut
1312 3042 1409 3105 quam

182 3127 361 3196 clarissime
384 3129 516 3195 lecturis
546 3136 648 3215 ponat
671 3136 747 3194 ante
771 3129 896 3213 oculos,
925 3128 983 3194 sub
1008 3127 1104 3195 finem
1126 3128 1222 3195 huius
1256 3128 1408 3196 sectionis

182 3238 261 3305 dicit
285 3259 405 3322 genera
429 3239 559 3307 dicendi
582 3241 624 3305 ab
648 3258 686 3305 eo
702 3237 822 3323 optime
836 3236 993 3320 distingui
1017 3237 1071 3321 qui
1094 3236 1234 3303 maxime
1253 3236 1408 3322 respiciat

184 3346 397 3413 elocutionem
421 3367 531 3413 eorum
553 3347 724 3433 propriam.
770 3365 835 3410 non
859 3351 910 3410 est
932 3344 1031 3428 igitur
1058 3343 1145 3427 quod
1172 3344 1322 3412 miremur
1350 3344 1408 3409 ali-
1518 3395 1522 3404 .

183 3473 279 3537 quam
302 3474 407 3519 rerum
430 3454 647 3537 cognitionem
669 3454 766 3520 tribui
790 3452 989 3520 aduersariis
1018 3454 1060 3518 ab
1083 3458 1228 3518 oratore:
1258 3450 1312 3535 qui
1340 3451 1408 3534 qui·
1444 3461 1446 3465 ’

182 3560 256 3626 dem
283 3561 458 3647 prudenter
490 3561 550 3626 ait:
583 3560 766 3627 uiderunt
793 3582 860 3628 res:
895 3560 981 3626 unde
1008 3560 1137 3626 minime
1165 3558 1309 3643 sequitur
1336 3578 1409 3623 eum

181 3669 351 3753 putauisse
374 3689 427 3734 111
451 3669 549 3736 etiam
571 3675 678 3734 recte
701 3675 899 3735 tractatas
923 3689 997 3735 esse
1020 3667 1063 3732 ab
1086 3666 1159 3732 illis.

271 3781 378 3860 Atque
411 3776 458 3842 eis
495 3796 579 3859 quae
613 3776 850 3860 subsequuntur
881 3776 915 3841 in
948 3772 1163 3861 prooemio⁴)‚
1194 3777 1235 3855 ἐξ
1268 3775 1407 3857 18-22,

183 3891 329 3970 apparet,
353 3905 416 3968 quo
439 3883 495 3949 ille
518 3883 613 3949 modo
638 3882 813 3949 arbitratus
835 3883 877 3948 111
900 3887 1067 3967 corruptos
1091 3880 1124 3945 in
1146 3881 1242 3946 rebus
1260 3898 1406 3964 peecare.

183 4011 223 4057 ex
246 3991 361 4074 quibus
384 3991 466 4057 haec
489 3991 652 4058 exscribo:

273 4168 294 4235 ⁴)
308 4170 375 4224 VIII
388 4187 498 4239 prooem
517 4170 532 4236 ξ
547 4170 609 4224 121
627 4168 763 4238 scriptura
777 4169 908 4233 codicum,
923 4184 995 4236 quae
1007 4168 1048 4221 cst
1062 4168 1142 4222 haec:
1161 4166 1296 4221 credere
1313 4165 1407 4219 modo

532 4277 586 4314 aer
610 4261 668 4314 aA

182 4349 241 4417 qui
264 4347 374 4402 discet
397 4349 484 4403 uelit
532 4262 709 4404 isidamG
768 4347 931 4416 quaedam
954 4347 1049 4401 uaria
1072 4349 1134 4409 est,
1160 4348 1265 4399 ueteres
1292 4344 1408 4399 editores

533 4438 675 4506 terciam
694 4440 722 4493 M

70 4532 72 4537 '
181 4527 319 4591 finxerunt
346 4529 409 4585 hoc:
438 4529 567 4587 certem
594 4528 761 4603 quandam
788 4526 878 4587 uiam
905 4543 989 4583 csse:
1023 4524 1095 4598 quod
1121 4523 1231 4597 probari
1253 4541 1307 4578 non
1330 4540 1408 4593 posse
