3128 4942
756 218 798 281 29

670 307 883 315 --——-——

163 415 285 476 rectum
307 408 381 475 illos
404 408 538 476 uidisse.
585 409 664 476 dicit
687 411 771 476 euim
792 411 937 476 Senecae
960 409 1060 475 libros
1074 429 1181 494 paene
1200 409 1290 475 solos
1305 409 1394 474 lecti·

164 523 251 582 tatos
274 515 374 582 fuisse
399 518 439 582 ab
464 516 743 601 adulescentibus,
777 538 847 582 cum
883 517 1074 601 impugnare
1107 515 1250 601 coeperit
1283 513 1393 580 studia

165 631 392 709 corruptorum.
437 624 499 689 hoc
522 645 543 689 a
567 646 603 691 se
626 626 841 709 improbatum
865 645 952 708 esse,
976 644 1040 688 non
1064 642 1126 707 quo
1155 622 1244 688 illius
1273 623 1394 707 scripta

165 731 398 797 contemnenda
413 732 622 817 existimaret,
646 731 705 797 sed
721 731 807 815 quod
831 751 871 796 ea
898 731 1058 796 noluisset
1080 731 1248 795 meliorum
1263 729 1394 814 scriptis

165 838 326 904 anteferri.
371 858 411 903 ac
433 839 571 924 primum
595 837 682 922 quod
705 859 848 923 pugnam
871 859 891 903 a
915 859 951 905 se
966 845 1078 903 contra
1093 857 1195 921 genus
1211 842 1395 921 corruptum

168 945 290 1009 factam
303 952 535 1031 commemorat,
560 946 778 1031 suspicionem
792 952 914 1010 mouet:
940 944 1122 1027 colligimus
1142 945 1227 1009 enim
1251 943 1394 1025 aliquam

171 1051 394 1135 cognationem
418 1053 577 1119 interesse
609 1053 693 1117 iuter
721 1052 878 1118 Senecam
908 1051 1051 1135 illudque
1080 1072 1191 1134 genus.
1242 1050 1394 1135 deinceps

171 1178 211 1222 ex
243 1156 309 1224 illis
341 1180 426 1242 quae
459 1160 673 1226 subsecuntur
706 1159 886 1226 clarissime
915 1159 1020 1224 elucet
1053 1179 1127 1225 esse
1163 1178 1244 1241 quos
1275 1157 1397 1222 Fabius

168 1263 316 1330 meliores
354 1287 450 1349 quam
487 1267 657 1332 Annaeum
694 1266 792 1332 ducat
833 1267 931 1350 idque
967 1267 1067 1332 multo
1105 1266 1263 1332 meliores.
1322 1286 1397 1330 nam

167 1371 367 1437 enuntiatum
391 1373 481 1456 quod
507 1374 621 1459 incipit
650 1395 670 1439 a
703 1395 798 1456 quos
826 1375 896 1440 ille
926 1378 958 1455 (ξ
985 1377 1061 1456 126)
1089 1373 1261 1439 relatiuum
1283 1373 1398 1438 leuiter

166 1479 357 1563 perstringit
390 1480 478 1546 illius
508 1481 662 1559 studium,
692 1482 746 1563 qui
778 1481 861 1546 alios
890 1481 1060 1546 incesserit
1088 1480 1289 1546 diuersitatis
1318 1499 1397 1545 suae

168 1584 232 1650 sibi
255 1587 412 1652 conscius.
458 1587 569 1671 itaque
594 1588 642 1653 eis
666 1607 750 1670 quae
774 1588 972 1671 inspeximus
994 1587 1203 1670 reprehensio
1227 1587 1275 1650 ita
1299 1587 1397 1669 signi-

168 1689 293 1776 ficatur,
322 1699 358 1756 ut
387 1694 563 1760 sentiamus
591 1693 680 1758 haud
712 1695 759 1758 ita
792 1700 878 1758 reete
912 1692 1030 1759 fecisse
1064 1693 1118 1776 qui
1153 1693 1310 1757 Senecam
1342 1698 1399 1755 aut

167 1797 307 1881 legerint
343 1806 400 1864 aut
433 1801 604 1865 scribendo
638 1801 702 1867 sint
735 1801 845 1866 secuti.
910 1807 1008 1882 atque
1044 1800 1077 1864 in
1109 1799 1168 1865 hos
1202 1799 1398 1865 conuertitur

170 1903 204 1992 (ἓ
232 1909 281 1987 12,
305 1909 335 1973 6.
363 1905 395 1994 7)
421 1914 529 1971 orator
561 1908 717 1992 proximis
747 1907 864 1973 uerbis.
914 1926 978 1972 non
1007 1907 1185 1971 imitatores
1214 1926 1270 1971 eos
1297 1906 1398 1971 fuisse

170 2010 258 2096 dicit,
282 2012 342 2079 sed
366 2012 482 2080 stultos
506 2014 672 2081 adseclas:
697 2016 731 2080 in
755 2036 816 2098 quo
846 2015 922 2080 dum
949 2015 1036 2080 illius
1065 2014 1288 2080 adsectatores
1316 2012 1398 2078 uitu-

170 2126 273 2204 perat,
298 2119 427 2204 accidit,
450 2127 486 2186 ut
508 2122 597 2187 uitiis
620 2123 726 2206 ipsum
750 2121 948 2206 implicatum
963 2128 995 2186 et
1018 2123 1060 2186 ab
1075 2122 1278 2203 antiquorum
1301 2117 1398 2183 laude

172 2225 343 2312 delapsum
367 2247 440 2293 esse
468 2227 609 2293 fateatur
632 2228 688 2294 ille
718 2227 860 2311 quidem,
889 2228 948 2294 sed
971 2228 1027 2312 ita,
1059 2234 1094 2292 ut
1118 2246 1240 2293 summo
1274 2226 1399 2292 crimini

171 2341 279 2398 uertat
306 2333 538 2418 imitatoribus,
571 2334 658 2417 quod
688 2354 786 2400 caeco
815 2333 954 2417 quodam
983 2335 1090 2399 obtusi
1117 2354 1227 2399 amore
1255 2334 1399 2399 Senecae

170 2440 303 2506 laudem
325 2441 552 2506 imminuerint.
599 2448 631 2507 et
655 2442 749 2524 quasi
772 2442 906 2506 uerbum
925 2440 1015 2505 uitii
1036 2440 1097 2506 sibi
1121 2441 1222 2506 inuito
1238 2440 1399 2506 excidisse

172 2547 279 2613 uideri
301 2547 390 2631 uelit,
413 2548 479 2612 iam
513 2548 547 2634 (ς
583 2551 660 2632 128)
692 2548 808 2613 laudat
838 2546 1065 2633 philosophum
1097 2547 1231 2630 eiusque
1262 2547 1399 2614 uirtutes

170 2654 292 2719 multas
324 2675 527 2738 magnasque
560 2676 633 2722 esse
666 2655 756 2720 dicit:
795 2655 978 2740 praeditum
1011 2675 1082 2720 eum
1121 2655 1223 2720 fuisse
1259 2655 1399 2740 ingenio,

170 2761 267 2847 copia
289 2763 517 2851 uerborum,¹⁸)
551 2765 688 2830 scientia
711 2771 744 2829 et
767 2764 953 2849 diligentia,
987 2764 1061 2828 odio
1085 2765 1257 2848 prauitatis
1277 2784 1400 2828 morum

171 2868 359 2935 iustissimo.
406 2877 441 2936 at
463 2891 504 2935 ne
528 2872 561 2934 in
583 2870 635 2936 his
660 2870 789 2954 quidem
812 2870 963 2936 laudibus
988 2891 1008 2935 a
1033 2890 1068 2936 se
1091 2877 1200 2954 potest
1217 2871 1399 2955 impetrare,

169 2981 293 3040 utnon
316 2976 419 3041 addat
443 2976 614 3062 deceptum
637 2997 710 3042 eum
734 2997 807 3042 esse
821 2977 1006 3060 ¹aliquando
1031 2978 1072 3042 ab
1088 2977 1274 3042 auctoribus
1290 2985 1400 3042 etnon

161 3083 254 3181 patis
277 3082 457 3149 industriae
481 3084 695 3169 insumpsisse
719 3085 752 3147 in
766 3082 988 3168 philosophia:
1005 3084 1069 3148 iam
1091 3104 1169 3148 uero
1190 3104 1262 3148 cum
1276 3082 1401 3148 incidat

171 3188 204 3254 in
224 3189 446 3275 elocutionem,
470 3211 506 3256 se
520 3211 584 3255 non
599 3191 749 3275 continet,
774 3189 833 3255 sed
846 3191 937 3255 rabie
953 3191 1094 3274 quadam
1107 3191 1260 3255 incitatus
1274 3198 1400 3275 pugnat

172 3302 286 3361 contra
309 3296 408 3361 illum.
454 3295 536 3362 haec
560 3305 635 3363 sunt
663 3318 746 3381 quae
775 3297 925 3379 leguntur
954 3297 1030 3363 inde
1062 3319 1083 3362 a
1115 3299 1144 3378 §¹
1175 3301 1264 3363 129¹*e
1290 3298 1399 3363 uerbis

173 3402 241 3468 sed
264 3404 303 3467 in
327 3403 557 3487 eloquendo:
583 3400 667 3487 quae
688 3404 863 3490 explanare
886 3424 950 3470 non
978 3425 1059 3490 opus
1074 3404 1210 3489 uidetur,
1234 3405 1310 3487 quia
1326 3412 1400 3470 suut

171 3529 229 3594 per
244 3530 280 3575 se
294 3510 424 3576 minime
439 3512 584 3576 obscura.
604 3510 638 3574 id
652 3518 775 3576 tantum
794 3532 924 3577 monere
943 3512 1016 3576 uolo
1032 3509 1263 3587 Quintilianum
1277 3532 1399 3594 negare

172 3615 348 3682 Senecae
372 3617 582 3682 dictionem
604 3617 686 3681 ulla
709 3617 900 3683 hominum
923 3617 1154 3683 eruditorum
1178 3621 1398 3704 comproba-

171 3723 280 3789 tione
303 3745 390 3790 esse
420 3724 588 3807 dignam:
612 3723 673 3789 hoe
693 3725 776 3789 enim
794 3725 914 3790 iudicio
938 3724 1051 3790 fortius
1076 3731 1108 3789 et
1130 3725 1237 3791 acrius
1262 3727 1399 3809 cogitari

170 3829 228 3894 uix
249 3837 367 3914 potest.
413 3830 500 3915 quod
523 3838 695 3915 postquam
718 3832 854 3896 iactauit
877 3833 910 3896 in
929 3831 1161 3917 aduersarium,
1184 3832 1295 3917 pusilli
1319 3854 1397 3898 sane

172 3940 222 4001 est
244 3937 406 4023 momenti,
430 3937 516 4021 quod
539 3939 606 4021 legi
630 3959 701 4003 eum
725 3959 789 4002 non
812 3945 903 4004 uetat
926 3939 967 4003 ab
991 3938 1057 4005 illis
1081 3940 1136 4022 qui
1161 3944 1244 4004 bona
1268 3961 1308 4006 ex
1328 3941 1397 4005 eius

172 4044 303 4129 seriptis
327 4045 432 4110 sciant
461 4045 590 4127 eligere.
622 4082 660 4090 -
690 4046 845 4131 inspectis
873 4045 957 4110 hunc
984 4046 1017 4109 in
1045 4046 1175 4111 modum
1202 4046 1397 4131 professoris

263 4308 298 4379 ¹⁸)
317 4311 493 4364 Conueuiunt
519 4312 588 4365 haee
615 4330 676 4365 oum
705 4311 802 4366 ceteris
826 4311 893 4366 locis
917 4313 1017 4380 quibus
1036 4314 1139 4368 Seneca
1157 4316 1396 4368 commemoratur:

171 4397 223 4452 XII
247 4399 285 4464 10,
307 4401 349 4464 11,
368 4399 416 4452 ubi
435 4399 493 4452 eius
512 4400 599 4468 copia,
619 4403 647 4454 et
666 4401 718 4455 VII
738 4404 761 4466 5,
784 4402 824 4465 18,
844 4401 891 4454 ubi
910 4403 1111 4457 sententiarum
1121 4403 1257 4470 quaedam
1265 4405 1397 4472 probatur

171 4487 325 4557 geminatio
345 4488 421 4542 faeta
439 4488 474 4541 ab
492 4489 541 4542 illo
559 4489 589 4541 in
608 4489 708 4558 scripto
728 4489 800 4557 quod
814 4490 887 4544 Nero
902 4491 937 4545 ad
953 4497 1080 4546 senatum
1098 4492 1175 4546 misit
1193 4492 1281 4547 occisa
1299 4496 1396 4548 matre.
