3128 4942
849 213 891 276 32

764 302 976 310 ———.

256 403 423 487 corruptis.
471 402 613 468 defuisse
638 405 861 486 cognoscimus
883 405 933 470 illi
957 409 1076 473 oratori
1104 407 1223 473 iustum
1251 408 1380 474 modum
1418 431 1483 493 quo

257 529 292 574 se
315 511 500 594 contineret,
523 531 564 575 ne
584 510 700 576 ardore
724 512 833 576 animo·
853 512 1060 601 impulsus22)
1084 514 1165 581 fines
1190 536 1291 583 sanae
1314 538 1482 601 puraeque

256 615 460 699 eloquentiae
497 617 784 700 transgrederetur.
850 620 936 686 unde
969 621 1105 706 accidit,
1148 630 1182 687 ut
1218 645 1272 689 res
1305 645 1368 688 non
1402 625 1486 690 satis

255 723 427 807 diligenter
443 724 638 809 disponeret,
661 731 696 788 ut
710 726 817 791 uerbis
832 733 975 793 uteretur
989 729 1094 794 minus
1118 730 1205 814 aptis
1229 730 1273 794 ad
1289 730 1486 814 dignitatem

255 829 326 916 fori,
357 838 393 895 ut
419 830 652 896 uociferaretur
673 832 779 915 magis
804 854 899 916 quam
923 842 958 899 ut
991 835 1227 901 demonstraret
1259 858 1343 920 quae
1375 838 1486 903 uellet.

255 938 491 1003 obseruandum
512 946 562 1003 est
578 945 749 1024 praeterea
773 938 1005 1015 Quintilianum
1033 943 1066 1006 iu
1091 944 1331 1009 enumeratione
1355 951 1485 1010 61666-

255 1066 330 1109 sura
354 1053 516 1110 oratorum
531 1046 668 1110 Romani
692 1047 849 1112 sermonis
871 1048 956 1113 hunc
979 1050 1116 1133 primum
1139 1070 1203 1114 non
1218 1050 1322 1116 solum
1336 1050 1484 1137 laudare,

254 1151 313 1216 sed
336 1153 520 1237 uituperare
544 1153 650 1217 etiam.
697 1174 737 1219 ea
761 1154 845 1218 enim
869 1175 903 1220 re
920 1155 1097 1237 significari
1116 1157 1300 1242 putauerim
1313 1157 1402 1221 illmn
1418 1179 1485 1222 non

253 1257 348 1322 aliter
372 1259 514 1325 sensisse
539 1258 579 1324 de
604 1280 641 1325 eo
666 1279 763 1341 quam
786 1261 946 1328 Tacitum.

341 1367 460 1432 Verum
484 1368 646 1432 enimuero
670 1366 721 1433 his
746 1367 876 1434 indiciis
898 1368 1030 1434 adducti
1053 1392 1117 1435 non
1141 1391 1179 1436 ec
1194 1371 1370 1456 procedere
1385 1371 1480 1439 debe-

252 1495 332 1559 mus,
355 1481 390 1538 ut
414 1474 580 1559 opinemur
604 1481 705 1538 totum
729 1475 842 1540 Seueri
871 1496 973 1558 genus
1004 1477 1133 1542 dicendi
1162 1486 1344 1563 corruptum
1371 1479 1483 1545 fuisse.

251 1581 347 1646 immo
371 1602 447 1646 uero
466 1581 607 1645 maxima
623 1590 770 1666 exparte
794 1583 849 1647 1116
864 1604 985 1648 sanus
1000 1584 1068 1648 fuit.
1092 1584 1178 1666 quod
1192 1585 1328 1669 primum
1344 1594 1483 1671 apparet

251 1709 291 1752 ex
315 1689 489 1754 Senecae
506 1689 646 1754 Controu
669 1689 680 1752 l
703 1690 751 1753 ΙΙΙ
773 1689 871 1773 praef
889 1694 909 1770 ξ
925 1694 954 1773 2,
977 1691 1032 1756 ubi
1056 1689 1097 1756 de
1120 1691 1208 1755 illius
1231 1690 1385 1757 facundia
1399 1693 1482 1758 haec

251 1803 395 1861 exstant:
430 1797 533 1861 oratio
565 1802 636 1861 erat
658 1797 781 1880 ualens,
815 1795 915 1880 culta,
947 1798 1131 1879 ingentibus
1163 1798 1261 1882 plena
1295 1800 1478 1865 sententiis:

249 1923 342 1968 nemo
370 1903 475 1967 minus
499 1923 617 1986 passus
642 1910 692 1967 est
715 1902 840 1984 aliquid
863 1903 896 1966 in
920 1903 1048 1968 actione
1072 1924 1132 1968 sua
1156 1906 1252 1971 otiosi
1276 1925 1364 1970 esse:
1389 1905 1480 1970 nulla

249 2030 327 2094 pars
351 2015 421 2074 erat
444 2030 527 2093 quae
550 2029 615 2072 non
638 2029 697 2074 sua
721 2010 838 2074 uirtute
863 2016 977 2094 staret,
1000 2010 1080 2075 nibil
1108 2011 1141 2074 in
1169 2033 1232 2093 quo
1256 2012 1384 2076 auditor
1408 2013 1478 2078 sine

250 2116 367 2180 damno
391 2115 482 2181 aliud
505 2123 628 2200 ageret,
652 2116 760 2180 omnia
783 2116 915 2201 intenta,
939 2115 1048 2199 aliquo
1071 2119 1230 2202 petentia:
1254 2139 1347 2182 nemo
1371 2120 1477 2202 magis

249 2223 282 2286 in
311 2244 371 2289 sua
398 2230 562 2308 potestate
585 2223 698 2287 habuit
721 2222 920 2288 audientium
943 2223 1101 2290 adfectus.
1125 2263 1161 2271 —
1186 2224 1331 2290 cumbis
1356 2225 1392 2290 cf
1411 2231 1430 2307 ξ
1448 2231 1476 2292 7.

249 2329 402 2415 deinceps
434 2331 483 2395 uir
514 2329 643 2395 uidetur
675 2329 777 2395 fuisse
809 2330 990 2396 rectissimo
1023 2331 1064 2395 de
1096 2339 1166 2396 arte
1200 2353 1259 2397 sua
1287 2331 1406 2397 iudicio
1428 2332 1475 2396 in-

248 2444 388 2503 structus
411 2444 598 2522 propterea,
622 2437 698 2519 quia
723 2436 764 2501 de
794 2437 914 2502 scholis
946 2437 1186 2503 declamatoriis
1218 2440 1393 2504 arbitratus
1426 2446 1477 2505 est

249 2543 379 2609 diuerso
404 2544 445 2608 ab
469 2543 661 2626 aequalibus
684 2542 789 2607 modo.
843 2542 962 2628 locum,
987 2544 1041 2626 qui
1064 2543 1184 2626 legitur
1206 2545 1239 2609 in
1264 2544 1405 2610 Controu
1427 2546 1476 2609 Ill

248 2654 267 2730 ξ
296 2653 423 2715 12-14
436 2649 648 2738 praefatione,
672 2649 737 2713 iam
752 2648 847 2713 attuli
861 2671 882 2734 p
898 2653 940 2714 2¹0
964 2650 998 2713 in
1021 2650 1232 2715 adnotatione
1250 2655 1298 2716 15.
1331 2652 1376 2716 111
1391 2652 1477 2716 enim

246 2763 348 2820 totam
371 2756 623 2821 declamatorum
648 2755 855 2840 disciplinam
877 2756 1006 2821 inanem
1036 2764 1068 2822 et
1091 2757 1236 2823 inutilem
1264 2758 1387 2824 dixisse
1410 2765 1475 2822 tra·

247 2862 346 2928 ditur:
384 2864 417 2928 in
454 2883 518 2947 qua
555 2882 589 2927 re
631 2863 660 2929 ei
710 2863 866 2928 adsentiri
904 2884 964 2929 nos
1006 2871 1093 2929 certe
1136 2864 1299 2930 debemus.
1353 2865 1476 2930 ibidem

244 2970 389 3056 refertur,
413 2969 572 3054 quomodo
589 2970 880 3036 GestiumPium
903 2991 967 3034 non
990 2971 1085 3036 modo
1115 2972 1148 3035 in
1175 2972 1249 3056 ipsa
1270 2973 1339 3037 eius
1361 2972 1474 3038 schola

244 3077 366 3163 luserit,
389 3077 448 3143 sed
472 3076 636 3142 etiamad
658 3084 841 3162 praetorem
864 3076 1038 3142 adduxerit
1061 3078 1168 3142 iurare
1191 3086 1361 3143 coacturus
1383 3078 1475 3144 (iice-

244 3205 354 3250 ronem
378 3184 580 3250 disertiorem
602 3184 704 3250 fuisse
728 3205 825 3267 quam
840 3183 955 3268 ipsum.
968 3183 1011 3268 2³)
1050 3183 1188 3267 denique
1212 3185 1394 3251 oratoribus
1417 3185 1474 3268 qui

344 3397 383 3467 ²²)
402 3399 438 3453 Of
453 3400 493 3474 XI
516 3401 537 3465 l,
558 3402 604 3453 57:
623 3399 694 3452 mihi
712 3398 783 3451 illud
802 3398 888 3452 Cassii
907 3398 1002 3453 Seueri
1020 3416 1074 3452 non
1092 3398 1266 3452 mediocriter
1280 3399 1420 3468 displicet:
1440 3400 1474 3452 di

244 3487 330 3553 boni,
362 3489 452 3554 uiuo,
486 3492 519 3543 et
547 3506 610 3556 quo
634 3505 684 3541 me
711 3487 827 3541 uiuere
850 3487 959 3544 iuuet.
987 3489 1209 3557 Asprenatem
1240 3505 1330 3541 reum
1364 3489 1472 3542 uideo.

244 3578 277 3631 de
290 3595 391 3632 causa
410 3595 481 3646 quae
501 3579 556 3632 fuit
574 3577 722 3647 insigniter
736 3576 922 3630 memorabilis
936 3577 961 3629 61
980 3577 1027 3629 Th
1041 3578 1277 3631 Fromentuml
1296 3578 1314 3630 d
1332 3596 1351 3646 p
1368 3580 1416 3630 12?
1431 3597 1471 3645 sq.

245 3668 284 3721 Vl
304 3671 329 3730 3,
350 3669 397 3721 27:
417 3685 450 3721 ex
468 3667 578 3721 ridiculi
596 3667 743 3736 generibus
761 3665 863 3718 Fabius
882 3665 976 3719 Seueri
999 3666 1067 3720 dicit
1090 3667 1120 3718 id
1138 3684 1194 3720 esse
1218 3668 1290 3735 quod
1314 3671 1356 3720 est
1379 3685 1471 3737 aspe-

242 3776 320 3810 rum.
357 3757 409 3809 Xll
431 3757 471 3822 10,
495 3758 526 3809 11
546 3757 605 3810 eius
623 3755 848 3810 acerbitatem
872 3759 1074 3808 commemorat.
1467 3752 1473 3763 ’

334 3862 369 3933 ²³)
393 3865 501 3919 Dixerit
519 3865 657 3933 quispiam
677 3881 731 3917 non
756 3864 875 3917 multum
895 3863 1071 3916 tribuendum
1100 3881 1156 3916 esse
1185 3864 1286 3917 iudicio
1313 3865 1469 3929 Senecae,

242 3959 386 4024 propteroa
405 3954 477 4021 quod
496 3955 586 4007 multa
600 3970 671 4020 quae
690 3970 752 4006 cum
772 3952 854 4005 laude
868 3952 958 4005 adfert
972 3970 1005 4005 ex
1019 3951 1265 4005 declamationibus
1284 3954 1361 4007 nobis
1376 3953 1471 4007 futilia

242 4062 298 4098 esse
317 4044 477 4097 uideantur:
501 4043 574 4096 unde
591 4041 719 4109 intellegi
743 4042 787 4094 uel
805 4041 897 4109 ipsum
925 4041 1006 4094 illum
1032 4041 1116 4094 fnisse
1144 4041 1217 4094 inter
1244 4046 1393 4110 corruptos.
1440 4046 1471 4097 at

241 4134 394 4187 cauendum
413 4136 462 4196 est,
485 4149 521 4186 ne
538 4135 631 4185 nostro
650 4149 729 4185 sensu
748 4131 777 4184 in
794 4131 846 4184 hac
864 4148 894 4184 re
912 4130 1031 4182 nimium
1045 4129 1219 4183 confidamus.
1252 4148 1317 4184 nam
1332 4132 1471 4199 permulta

241 4223 380 4277 ueteribus
398 4222 428 4275 in
446 4238 475 4274 re
493 4220 632 4274 rhetorica
650 4220 749 4274 eximie
767 4220 915 4288 placebant
934 4235 1005 4286 quae
1029 4218 1107 4271 nobis
1129 4218 1231 4271 mirum
1255 4224 1391 4286 quantum
1415 4238 1468 4273 sor·

241 4312 315 4365 dent.
339 4310 426 4364 satius
446 4309 500 4363 erit
519 4325 650 4377 quaerere
669 4309 736 4375 quid
754 4309 856 4363 Seneca
874 4309 908 4361 de
922 4308 1049 4361 Cicerone
1067 4307 1155 4374 deque
1169 4309 1321 4362 oratoribus
1340 4309 1388 4376 qni
1407 4312 1470 4378 post

240 4401 314 4453 hunc
337 4400 449 4453 fuerunt
472 4397 646 4452 indicauerit.
690 4398 786 4464 quodsi
814 4398 934 4451 Controu
961 4396 1072 4464 lpraef
1092 4396 1108 4463 ξ
1128 4397 1144 4448 6
1162 4414 1195 4465 sq
1222 4398 1339 4466 legimus
1367 4399 1470 4466 scripta

241 4489 321 4543 baec:
345 4488 481 4556 quidquid
499 4489 625 4542 Romana
648 4487 778 4540 facundia
797 4488 881 4541 habet
895 4486 969 4553 quod
987 4484 1116 4539 insolenti
1132 4486 1263 4540 Graeciae
1278 4490 1328 4539 aut
1346 4491 1469 4556 opponat
