3128 4942
754 280 797 358 51

166 495 283 550 annum
312 479 400 551 12¹¹¹¹¹
432 478 593 571 expletum
625 487 745 553 nubere
776 507 841 554 non
872 485 1056 572 licuerit³³),
1089 476 1271 570 colligimus
1305 468 1389 552 anuo

165 593 284 659 aetatis
310 595 365 659 13⁰
393 593 435 659 ab
459 613 499 659 ea
522 593 643 660 editum
673 615 747 662 esse
769 594 871 661 filium
893 594 930 659 Α.
975 595 1085 679 itaque
1108 601 1234 660 mortua
1258 598 1309 660 est
1332 614 1391 661 sex

165 700 268 786 annis,
301 707 474 786 postquam
500 702 655 768 maiorem
683 702 785 769 filium
814 708 864 770 est
888 703 992 789 enixa,
1023 704 1102 790 siue,
1131 701 1283 787 quoniam
1305 720 1390 766 anno

166 811 223 874 81⁰
251 807 281 872 A
303 815 414 874 natum
430 829 504 876 esse
529 811 731 902 sumpsimus,
738 808 841 897 fanno
857 809 1000 898 87⁰.³³·)
1036 831 1160 897 paucos
1173 816 1248 896 post
1262 828 1390 875 menses

165 921 301 980 matrem
325 923 454 982 secutus
478 924 528 984 est
551 917 594 983 ad
617 917 738 985 inferos
761 917 848 985 iilius
862 919 898 985 B.
922 939 999 1002 ergo
1023 918 1076 984 hic
1099 938 1282 1004 supremum
1306 916 1392 983 diem

166 1022 245 1087 obiit
268 1028 325 1088 aut
348 1023 462 1089 eodem
485 1044 570 1091 anno
594 1045 657 1110 quo
680 1032 862 1111 materani,
886 1026 914 1092 si
936 1025 995 1092 illa
1019 1027 1077 1092 sub
1101 1024 1197 1091 finem
1220 1024 1290 1091 eius
1314 1023 1391 1090 anni

166 1135 374 1216 mortuaest,
402 1152 486 1198 anno
511 1133 566 1217 qui
588 1132 706 1200 institit
728 1133 762 1198 id
787 1140 837 1200 est
860 1153 944 1199 anno
969 1135 1039 1200 88⁰.
1085 1153 1147 1218 quo
1175 1139 1284 1200 autem
1306 1151 1391 1197 anno

165 1236 192 1301 B
229 1244 372 1305 mortuus
414 1247 464 1306 est
506 1239 621 1306 eodem
659 1239 878 1318 Quintilianus
923 1241 1063 1309 accessit
1103 1239 1148 1306 ad
1188 1239 1393 1308 scribendum

165 1344 281 1410 librum
304 1344 345 1411 de
369 1365 431 1429 quo
455 1346 576 1430 agitur:
610 1347 694 1414 hunc
717 1348 816 1432 igitur
843 1348 1055 1435 compositum
1083 1354 1116 1415 et
1143 1347 1296 1414 emissum
1318 1366 1392 1413 esse

167 1452 402 1537 suspicabimur
424 1452 510 1519 intra
533 1475 636 1522 annos
660 1458 749 1522 87¹³n
772 1461 805 1522 et
828 1459 926 1524 89³³&

255 1559 374 1626 Paucis
406 1560 572 1628 reicienda
603 1562 732 1629 uidetur
764 1583 837 1631 esse
869 1563 1032 1630 Dodwelli
1068 1562 1283 1630 ratiocinatio.
1338 1562 1393 1647 qui

167 1687 251 1733 anno
267 1670 310 1736 89
333 1668 449 1734 librum
464 1667 505 1735 de
529 1670 638 1738 causis
663 1671 817 1757 scriptum
841 1692 914 1738 esse
937 1671 1000 1738 sibi
1023 1671 1195 1758 persuasit.
1231 1676 1392 1757 procerte

165 1775 265 1841 habet
288 1783 364 1843 ante
386 1776 477 1842 illum
500 1799 619 1844 annum
647 1779 819 1863 quicquam
846 1800 867 1846 a
889 1779 992 1845 Fabio
1021 1779 1119 1846 scribi
1146 1800 1211 1845 non
1237 1777 1393 1864 potuisse,

167 1882 243 1965 quia
258 1903 361 1951 annus
378 1887 430 1971 88,
455 1906 518 1969 quo
542 1906 578 1954 se
602 1885 769 1953 abdicauit
782 1907 922 1974 munere,
945 1893 1172 1974 „consumptus
1195 1886 1239 1953 sit
1251 1884 1393 1952 muneris

167 1988 254 2056 datis
282 1992 490 2078 acceptisque
517 1993 716 2062 rationibus“
745 1992 777 2082 (c
805 1997 846 2062 21
880 2025 916 2050 =
946 2016 968 2081 p
999 1997 1085 2062 1140
1112 1993 1163 2082 Β).
1209 1983 1290 2078 quas
1318 1992 1394 2059 illas

166 2099 330 2183 putauerit
353 2100 448 2166 homo
462 2100 576 2170 doctus
593 2122 667 2170 esse
681 2102 835 2180 rationes,
860 2101 1010 2186 equidem
1023 2123 1088 2169 non
1109 2101 1283 2188 perspicio.
1307 2099 1393 2166 unde

166 2226 243 2272 uero
267 2204 349 2272 illud
373 2207 436 2274 sibi
459 2208 584 2294 petiuit,
608 2230 680 2275 cum
704 2210 803 2276 etiarn
825 2209 860 2275 in
882 2230 1013 2276 munere
1036 2195 1186 2276 uersatus
1211 2208 1253 2276 sit
1277 2214 1394 2293 orator,

167 2334 240 2380 eum
278 2315 448 2397 quicquam
486 2335 677 2402 componere
713 2337 778 2383 non
814 2317 982 2403 potuisse?
1040 2316 1151 2383 multis
1188 2315 1281 2382 annis
1318 2320 1395 2381 ante

169 2421 287 2487 scimus
311 2422 353 2487 ab
377 2441 415 2487 eo
439 2423 618 2489 orationem
642 2430 754 2490 contra
767 2424 927 2492 Naeuium
941 2423 1153 2510 Arpinianum
1176 2443 1250 2489 esse
1274 2421 1395 2489 editam

168 2526 218 2615 (cf
235 2529 297 2594 VH
320 2531 350 2615 2,
380 2531 424 2596 24
452 2537 485 2597 et
512 2530 726 2619 Dodwellum‚
758 2553 776 2599 c
806 2535 845 2600 17
874 2562 909 2587 =
936 2553 958 2618 p
990 2533 1103 2614 ll3ilz
1137 2551 1233 2615 quam
1265 2528 1396 2623 quidem

166 2635 331 2721 putandus
355 2643 483 2704 estnon
497 2639 603 2723 magis
618 2660 715 2724 quarn
730 2660 807 2708 suas
823 2639 936 2706 Oicero
960 2640 1123 2706 orationes
1138 2639 1238 2705 talem
1252 2635 1395 2705 edidisse

168 2744 297 2827 qualem
329 2744 487 2830 habuerit,
519 2745 579 2812 sed
612 2747 816 2815 emendatam
848 2753 881 2815 et
911 2747 1066 2813 limatam.
1120 2746 1231 2830 itaque
1263 2741 1396 2828 aliquod

169 2850 269 2917 otium
288 2851 318 2918 ci
336 2852 389 2918 uel
413 2853 616 2936 grauissimis
640 2854 757 2922 officiis
781 2854 929 2922 districto
952 2854 1111 2938 reliquum
1134 2853 1263 2919 uidetur
1285 2852 1394 2918 fuisse.

168 2958 212 3024 ad
244 2959 335 3025 illam
367 2980 444 3026 uero
478 2960 596 3028 falsam
630 2963 847 3028 coniecturam
879 2960 1070 3028 Dodwellus
1107 2966 1209 3026 totam
1242 2959 1398 3044 deinceps

169 3068 439 3152 computationem
462 3068 632 3153 adligauit.
1219 3080 1223 3086 '

262 3177 380 3241 Totam
403 3176 683 3243 ratiocinationem
712 3175 899 3262 respicienti
923 3175 1096 3243 tenendum
1119 3181 1227 3243 estut
1250 3173 1397 3259 singulos

169 3302 273 3349 annos
301 3290 388 3349 certe
417 3283 543 3351 definiri
570 3306 635 3352 non
661 3305 774 3371 posse,
801 3283 848 3350 ita
876 3290 997 3352 certam
1025 3304 1100 3351 esse
1126 3282 1285 3349 rationem
1313 3302 1397 3366 quae

168 3389 350 3456 intercedat
380 3390 463 3457 inter
498 3398 625 3478 tempus
661 3392 735 3458 libri
768 3391 809 3458 de
846 3392 955 3458 causis
992 3389 1071 3457 editi
1107 3396 1139 3456 et
1176 3389 1315 3457 emissae
1347 3389 1397 3454 In-

170 3496 356 3564 stitutionis.
406 3505 439 3564 et
465 3519 506 3565 ne
534 3500 611 3565 anni
639 3499 770 3584 quidem
801 3499 867 3585 ipsi
898 3497 940 3566 de
971 3498 1086 3582 quibus
1118 3503 1227 3583 potest
1259 3495 1397 3581 cogitari

263 3693 298 3763 88)
317 3695 346 3750 cf
369 3695 584 3765 Marquardti
611 3696 645 3752 de
672 3696 734 3751 uita
762 3697 949 3751 Romanorum
975 3695 1089 3765 priuata
1115 3693 1225 3764 librum,
1257 3712 1276 3764 p
1299 3694 1342 3760 28,
1370 3696 1399 3748 et

170 3785 473 3840 Friedlaenderum
490 3786 501 3839 l
520 3786 538 3840 d
555 3784 583 3840 Ι*
601 3804 621 3856 p
640 3786 690 3840 550
710 3804 768 3854 sqq.
805 3786 827 3839 F
846 3786 936 3841 adfert
954 3785 1026 3840 locos
1049 3783 1149 3853 quibus
1172 3787 1287 3854 apparet
1314 3782 1399 3838 etiam

171 3879 236 3930 ante
254 3876 326 3931 hanc
344 3878 467 3931 aetatem
485 3875 608 3946 uirgines
626 3876 656 3930 in
673 3875 883 3930 matrimonium
897 3892 954 3930 esse
967 3875 1071 3930 ductas.
1109 3873 1157 3928 sed
1170 3891 1233 3928 eum
1251 3873 1281 3927 id
1293 3872 1399 3928 factum

171 3965 208 4019 sit
227 3969 323 4021 contra
341 3966 454 4020 solitum
472 3983 583 4032 morem,
603 3965 697 4035 procul
716 3965 874 4020 habendum
888 3968 930 4020 est
944 3982 961 4020 a
975 3963 1166 4032 disquisitione
1184 3980 1254 4018 mea.
1278 3964 1399 4017 ceterum

171 4055 216 4108 uel
230 4055 254 4109 si
268 4056 409 4123 sumimus,
430 4086 462 4095 -
482 4057 556 4126 quod
574 4075 622 4111 cur
640 4073 780 4110 sumamus
798 4055 874 4110 iusta
892 4071 975 4110 causa
988 4072 1044 4109 non
1057 4056 1106 4120 est,
1127 4083 1159 4092 —
1179 4053 1258 4109 illam
1271 4051 1399 4107 undecim

172 4160 257 4198 annos
275 4147 372 4200 natam
390 4146 514 4216 nupsisse
532 4145 625 4212 Fabio,
645 4145 816 4215 computatio
835 4162 890 4199 uno
908 4147 1021 4200 tantum
1039 4160 1111 4198 anno
1130 4142 1229 4198 differt.

263 4230 316 4302 ⁸³⁸)
335 4235 368 4288 In
382 4236 499 4290 eundem
518 4253 622 4290 annum
640 4234 740 4290 incidit
758 4234 929 4303 computatio
943 4234 965 4288 Ε
980 4231 1198 4288 Gruenwaldi
1217 4232 1285 4302 pli
1303 4229 1398 4285 disser-

171 4323 287 4378 tationis
310 4323 471 4394 inscriptae:
500 4325 589 4392 Quae
612 4325 701 4381 ratio
724 4323 936 4380 intercedere
964 4323 1124 4379 uideatur
1150 4322 1242 4377 inter
1264 4319 1416 4387 Quinti-¹

172 4413 260 4470 liani
289 4413 552 4469 Institutionem
584 4414 769 4471 oratoriam
801 4416 835 4468 et
862 4413 978 4468 Taciti
1005 4413 1186 4482 Dialogum
1217 4409 1400 4466 Berolinensis

173 4506 240 4560 anni
260 4505 340 4560 1883:
367 4504 417 4573 qui
439 4503 552 4573 quidem
573 4505 656 4560 homo
679 4505 782 4571 doctus,
809 4511 842 4558 ut
861 4502 938 4559 aliud
956 4503 1012 4558 luit
1029 4519 1084 4571 quo
1102 4500 1231 4566 tetendit,
1252 4500 1325 4556 hanc
1342 4516 1400 4555 rem

172 4595 262 4665 magis
280 4594 378 4666 tetigit
397 4611 481 4663 quam
499 4597 704 4663 perscrutatus
723 4597 771 4650 est.

1205 4681 1236 4736 41(
