3128 4942
725 1103 853 1214 Caput
884 1103 938 1186 ΙΙ.

275 1273 327 1340 Ilo
350 1274 439 1340 locis
463 1291 510 1339 ex
533 1290 640 1357 opero
663 1274 803 1339 minore
826 1273 865 1339 in
888 1272 1159 1338 Institutioncm
1184 1242 1384 1338 translatis.

304 1417 415 1484 Redeo
444 1417 487 1482 ad
513 1417 630 1483 librum
662 1417 703 1483 de
736 1417 854 1485 causis.
902 1423 1031 1483 exstant
1064 1416 1148 1483 enim
1176 1416 1208 1480 in
1236 1416 1442 1483 Institutione

217 1531 347 1611 praeter
369 1526 459 1590 locos
482 1524 612 1590 adlatos
637 1524 719 1591 duos
742 1524 797 1607 qui
821 1523 864 1589 ad
887 1523 978 1588 illum
1000 1523 1161 1589 referendi
1186 1529 1259 1589 sunt
1282 1530 1373 1590 tres.

308 1634 340 1714 1)
372 1632 401 1696 V
426 1634 475 1717 12,
502 1633 640 1716 17-23,
664 1631 719 1696 ubi
741 1632 842 1697 uerba
865 1630 947 1697 haec
971 1638 1059 1696 sunt:

305 1738 400 1816 Quod
415 1759 453 1804 eo
469 1738 657 1823 diligentius
672 1738 856 1804 faciendum
871 1738 939 1822 fuit,
963 1739 1040 1821 quia
1057 1737 1310 1804 declamationes
1327 1738 1441 1820 quibus

215 1846 260 1912 ad
281 1867 424 1932 pugnam
451 1845 612 1913 forensem
638 1845 728 1911 uelut
750 1845 941 1930 praepilatis
972 1844 1114 1911 exerceri
1143 1846 1335 1930 solebamus,
1367 1845 1441 1910 olim

214 1954 280 2018 iam
312 1955 353 2018 ab
386 1952 444 2018 illa
476 1973 554 2018 uera
585 1953 727 2036 imagine
755 1952 872 2018 orandi
904 1959 1107 2018 recesserunt
1135 1959 1232 2036 atque
1265 1952 1307 2017 ad
1341 1953 1443 2019 solam

216 2061 414 2147 compositae
439 2060 638 2146 uoluptatem
661 2059 769 2126 neruis
794 2066 913 2144 carent,
937 2080 1001 2124 non
1024 2059 1089 2125 alio
1105 2060 1231 2126 medius
1251 2059 1347 2126 fidius
1362 2060 1441 2126 uitio

215 2167 399 2234 docentium
427 2164 485 2254 [sic
508 2168 582 2250 lego
607 2186 679 2232 cum
701 2166 888 2252 Philandro,
912 2166 1100 2233 dicentium
1127 2165 1222 2254 libril,
1255 2189 1349 2251 quam
1378 2188 1440 2251 quo

214 2274 444 2360 mancipiorum
466 2274 688 2357 negotiatores
712 2273 835 2340 formae
857 2294 1027 2359 puerorum
1050 2273 1206 2339 uirilitate
1231 2275 1341 2341 excisa
1355 2275 1441 2341 leno-

215 2382 369 2447 cinantur.
386 2358 490 2492 [nam
518 2389 554 2447 ut
576 2381 625 2446 illi
652 2382 750 2447 robur
773 2401 813 2446 ac
836 2381 976 2447 lacertos
1004 2382 1201 2464 barbamque
1231 2388 1306 2446 ante
1335 2384 1441 2447 omnia

215 2494 247 2554 et
276 2489 343 2554 alia
376 2510 459 2572 quae
492 2496 608 2554 natura
640 2489 769 2574 proprie
801 2488 944 2554 maribus
978 2487 1068 2553 dedit
1104 2509 1218 2575 parum
1255 2488 1440 2556 existimant

214 2595 333 2662 decora
356 2616 504 2680 quaeque
527 2595 633 2680 fortia,
657 2595 685 2661 si
708 2595 829 2680 liceret,
854 2595 958 2660 iorent
981 2602 1016 2661 ut
1040 2595 1121 2661 dura
1134 2595 1295 2661 molliunt:
1319 2596 1366 2661 ita
1381 2617 1440 2663 nos

213 2703 358 2769 habitum
380 2703 485 2789 ipsum
510 2702 666 2769 orationis
689 2701 816 2767 uirilem
840 2708 872 2768 et
894 2702 985 2768 illam
1013 2703 1079 2768 uim
1107 2702 1217 2769 stricte
1246 2704 1440 2785 robusteque

214 2808 343 2876 dicendi
366 2816 478 2876 tenera
502 2809 644 2893 quadam
668 2809 860 2875 elocutionis
890 2816 963 2876 cute
992 2812 1153 2895 operimus
1181 2817 1222 2894 et,
1251 2809 1326 2874 dum
1353 2810 1439 2874 leuia

213 2916 277 2983 sint
305 2937 344 2982 ac
371 2917 484 3002 nitida,
512 2923 666 3000 quantum
694 2916 827 2982 ualeant
849 2916 929 2982 nihil
952 2917 1110 2983 interesse
1134 2901 1355 3005 arbitramur!
1381 2915 1439 2982 sed

212 3024 290 3089 milri
312 3032 461 3090 naturam
485 3024 622 3091 intuenti
644 3045 738 3090 nemo
762 3045 826 3090 non
849 3024 899 3089 uir
922 3023 1068 3110 spadone
1091 3023 1260 3090 formosior
1283 3022 1351 3108 erit,
1379 3043 1439 3088 nec

212 3139 278 3196 tam
311 3152 428 3198 auersa
459 3153 600 3215 unquam
632 3131 795 3198 uidebitur
831 3133 873 3197 ab
911 3152 1008 3217 opere
1050 3151 1107 3198 suo
1146 3130 1365 3216 prouidentia,
1404 3138 1440 3196 ut

212 3239 363 3306 debilitas
392 3240 475 3304 inter
503 3239 625 3324 optima
652 3239 784 3305 inuenta
813 3239 868 3323 sit,
896 3259 957 3305 nec
984 3237 1019 3303 id
1046 3238 1130 3304 ferro
1160 3238 1342 3323 speciosum
1368 3238 1439 3304 fieri

211 3348 334 3431 putabo
359 3346 445 3430 quod
469 3347 497 3414 si
517 3354 712 3432 nasceretur,
735 3353 911 3413 monstrum
926 3353 1005 3412 erat.
1041 3344 1207 3413 libidinem
1231 3346 1320 3412 iuuet
1333 3347 1439 3433 ipsum

212 3452 387 3519 effeminati
411 3474 508 3520 sexus
531 3453 744 3539 mendacium,
767 3474 931 3538 nunquam
953 3460 1062 3519 tamen
1085 3453 1146 3520 hoc
1162 3454 1328 3538 continget
1341 3454 1438 3520 malis

210 3560 353 3628 moribus
376 3582 520 3646 regnum,
548 3567 583 3627 ut
612 3562 640 3627 si
663 3582 728 3645 qua
750 3561 895 3646 pretiosa
919 3560 1003 3646 fecit,
1028 3560 1141 3627 fecerit
1164 3569 1197 3627 61
1220 3563 1314 3628 bona.
1359 3580 1436 3643 qua-

209 3676 341 3754 propter
369 3669 594 3753 eloquentiam,
627 3669 703 3734 licet
730 3668 814 3734 hanc
846 3668 896 3753 (ut
924 3669 1028 3734 sentio
1057 3670 1150 3754 enim,
1184 3666 1302 3754 dicam)
1331 3665 1434 3732 libidi-

209 3795 324 3841 nosam
346 3777 500 3861 resupina
523 3777 692 3861 uoluptate
716 3775 878 3841 auditoria
901 3777 1047 3861 probent,
1076 3777 1197 3842 nullam
1226 3794 1299 3839 csse
1328 3773 1436 3839 existi-

208 3884 313 3968 mabo,
336 3903 420 3966 quae
442 3903 483 3948 ne
511 3882 675 3948 minimum
703 3882 832 3966 quidem
860 3882 894 3947 in
922 3903 957 3949 se
986 3881 1138 3947 indicium
1165 3881 1301 3947 masculi
1330 3886 1362 3946 et
1390 3881 1435 3945 in-

210 3991 359 4076 corrupti,
386 4011 427 4056 ne
455 3990 562 4056 dicam
591 3989 712 4074 grauis
731 3996 763 4054 61
786 3989 891 4055 sancti
913 3989 975 4054 uiri
999 3996 1147 4056 ostentet.
1195 4009 1237 4053 an
1265 4008 1341 4053 uero
1372 3995 1436 4055 sta-

208 4102 336 4162 tuarum
359 4097 501 4163 artifices
525 4098 731 4183 pictoresque
756 4096 927 4163 clarissimi
951 4117 1022 4162 cum
1046 4116 1181 4182 corpora
1200 4115 1297 4178 quam
1312 4096 1435 4182 specio-

208 4204 337 4270 sissima
359 4204 512 4288 fingendo
535 4203 742 4289 pingendoue
766 4202 895 4270 efficere
919 4210 1081 4289 cuperent,
1109 4223 1273 4286 nunquam
1296 4203 1329 4270 in
1351 4205 1435 4269 hunc

208 4310 394 4377 ceciderunt
418 4331 566 4397 errorem,
590 4317 625 4376 ut
637 4311 785 4395 Bagoam
800 4318 857 4376 aut
870 4310 1085 4396 Megabyzum
1109 4310 1250 4394 aliquem
1273 4311 1306 4376 in
1330 4331 1434 4376 exem·

207 4420 296 4504 plum
324 4418 431 4504 operis
459 4425 622 4486 sumerent
660 4418 741 4503 sibi,
778 4417 837 4484 sed
875 4417 1080 4504 doryphoron
1113 4419 1202 4484 illum
1239 4423 1350 4503 aptum
1382 4417 1434 4481 uel

207 4526 342 4592 militiae
365 4527 418 4592 uel
442 4526 639 4613 palaestrae,
668 4525 804 4591 aliorum
828 4544 955 4608 quoque
979 4525 1129 4592 iuuenum
1152 4525 1378 4592 bellicosorum
1403 4530 1435 4590 et
