3128 4942
757 257 798 320 31

166 454 280 536 itaque
301 470 365 515 non
389 457 440 518 est
464 472 519 517 cur
548 449 720 515 infitiemur
742 451 889 535 potuisse
913 449 1073 535 appellari
1097 470 1194 514 unum
1218 448 1396 514 alterumue

170 582 211 627 ex
233 559 392 643 corruptis
416 579 436 623 a
460 556 675 634 Quintiliano:
706 557 764 624 sed
787 558 910 622 nullum
934 577 974 621 ex
996 556 1101 621 altera
1123 563 1216 641 parte
1240 556 1395 622 habemus

168 672 391 751 argumentum
415 686 478 747 quo
502 664 623 728 factum
646 663 680 729 id
703 685 776 730 esse
801 663 1065 730 demonstremus.

254 771 290 859 2)
315 772 382 839 Sed
414 773 479 836 iarn
507 771 676 837 uideamus
709 772 764 854 qni
791 777 922 856 praeter
950 770 1109 837 Senecam
1138 770 1296 855 corruptis
1331 771 1396 836 sint

163 878 412 946 adnumerandi.

254 988 363 1071 Atque
389 986 499 1070 aliquo
529 985 733 1067 cognationis
761 984 890 1049 uinculo
924 1005 994 1049 curn
1028 985 1075 1050 eis
1108 985 1235 1050 iunctus
1268 983 1396 1049 uidetur

166 1095 269 1162 fuisse
293 1094 460 1160 Cassius
489 1093 669 1176 Seuerus,
697 1099 730 1156 et
757 1092 803 1155 ita
828 1091 970 1177 quidem,
1002 1099 1038 1156 ut
1068 1091 1177 1157 multis
1204 1092 1396 1174 magnisque

166 1202 342 1268 uirtutibus
367 1199 549 1285 excelleret,
573 1198 632 1265 sed
655 1199 744 1264 uitiis
769 1198 962 1281 quibusdam
985 1198 1150 1263 laboraret
1173 1219 1256 1281 quae
1279 1204 1395 1283 postea

166 1315 373 1375 cernerentur
392 1308 425 1371 in
440 1305 658 1392 corruptis20).
684 1305 725 1371 de
745 1306 835 1371 cuius
850 1306 939 1370 uitiis
964 1305 1115 1370 docemur
1129 1305 1286 1370 Tacitei
1304 1305 1395 1369 Dia·

165 1416 252 1500 logi
284 1415 366 1481 locis
398 1414 531 1479 duobus.
587 1413 670 1477 alter
694 1413 800 1479 estin
824 1413 931 1496 capite
959 1416 1006 1496 19,
1035 1413 1089 1477 ubi
1112 1413 1228 1497 Aper,
1256 1412 1396 1477 recentis

167 1522 342 1588 facundiae
378 1520 577 1603 adsectator,
609 1519 690 1583 haec
724 1519 784 1582 ait:
831 1519 1033 1601 antiquorum
1067 1518 1280 1584 admiratores
1312 1519 1397 1583 hunc

171 1629 262 1695 uelut
286 1629 453 1693 terminum
486 1625 690 1709 antiquitatis
723 1626 918 1690 constituere
952 1625 1057 1691 solent
1092 1647 1195 1708 nsque
1232 1625 1276 1690 ad
1319 1626 1396 1692 Oas-

172 1736 253 1803 sium
288 1734 512 1814 Seuerum221)
557 1753 651 1815 quem
696 1733 833 1817 primum
874 1731 1045 1796 adfirmant
1086 1731 1217 1798 flexisse
1260 1734 1302 1797 ab
1339 1733 1397 1796 illa

169 1849 278 1909 uetere
312 1849 410 1924 atque
451 1840 575 1906 directa
610 1839 739 1905 dicendi
775 1840 838 1904 uia.
900 1839 983 1905 alter
1023 1839 1113 1906 locus
1155 1839 1297 1904 continet
1340 1838 1396 1903 ad-

169 1951 363 2015 curationem
382 1949 534 2013 uitiorum
548 1948 829 2013 enumerationem.
865 1967 941 2010 nam
962 1967 979 2011 c
998 1949 1040 2013 26
1060 1948 1275 2032 Vipstanus
1299 1947 1396 2012 Mes-

169 2057 268 2142 sala,
301 2055 382 2141 Apri
415 2053 632 2140 aduersarius,
663 2054 746 2118 haec
779 2060 890 2119 contra
924 2054 1073 2119 Cassium
1096 2053 1189 2119 dicit:
1214 2054 1247 2118 in
1277 2074 1397 2136 magna

167 2171 262 2249 parte
294 2163 447 2227 librorum
479 2162 553 2246 plus
585 2162 635 2227 uis
667 2161 766 2225 habet
798 2182 892 2243 qnam
927 2162 1104 2244 sanguinis.
1158 2161 1280 2246 primns
1313 2161 1398 2226 enim

168 2276 352 2355 contempto
381 2269 494 2334 ordine
517 2290 636 2352 rerum,
669 2268 790 2333 omissa
812 2268 974 2334 modestia
997 2289 1036 2333 ac
1068 2268 1192 2352 pudore
1220 2269 1397 2353 uerborum,

168 2376 251 2462 ipsis
281 2377 379 2442 etiam
403 2376 518 2458 quibus
547 2375 646 2439 utitur
675 2375 773 2440 armis
801 2375 1034 2459 incompositus
1063 2381 1095 2439 et
1123 2374 1230 2440 studio
1260 2375 1397 2440 feriendi

168 2484 358 2568 plerumque
386 2482 544 2566 deiectus,
573 2503 638 2546 non
666 2489 804 2567 pugnat,
831 2480 889 2547 sed
911 2481 1042 2545 rixatur.
1060 2519 1096 2526 —
1119 2502 1190 2546 cum
1203 2481 1255 2546 his
1270 2481 1397 2545 coniun-

169 2589 279 2674 genda
316 2597 390 2656 sunt
427 2609 510 2672 quae
548 2588 766 2665 Quintilianus
804 2588 845 2653 de
878 2588 993 2654 Cassio
1027 2588 1105 2653 dicit
1135 2588 1168 2652 X
1203 2591 1229 2673 l,
1265 2591 1326 2654 116
1351 2608 1398 2671 sq.

168 2697 286 2762 laudat
308 2697 354 2761 ibi
377 2696 476 2780 illum,
501 2696 559 2761 sed
583 2717 655 2761 cnm
679 2717 779 2779 grano
804 2695 1072 2780 reprehensionis.
1101 2677 1182 2761 dicit
1206 2695 1289 2760 enim
1314 2694 1398 2760 colo-

169 2824 237 2870 rem
276 2811 309 2868 et
341 2803 536 2885 grauitatem
560 2803 716 2868 orationis
748 2803 781 2866 in
815 2823 853 2868 eo
886 2801 1066 2868 desiderari
1099 2783 1132 2866 et
1163 2802 1294 2866 nimium
1330 2802 1399 2866 irae

176 2931 248 2975 eum
272 2910 481 2976 concessisse.
505 2909 671 2975 leuissima
694 2909 775 2973 haec
798 2910 899 2993 primo
927 2910 1039 2973 obtutu
1062 2908 1191 2974 uidetur
1217 2915 1295 2974 nota
1318 2929 1400 2975 esse.

172 3016 232 3082 sed
255 3017 283 3083 si
307 3017 479 3100 diligenter
507 3037 579 3081 eam
607 3015 849 3080 consideramus
878 3016 1006 3080 conlato
1035 3015 1138 3080 altero
1161 3016 1295 3098 Dialogi
1318 3015 1399 3100 loco,

173 3123 253 3189 uitia
276 3124 438 3208 quaedam
461 3125 634 3208 perstricta
657 3143 730 3189 esso
753 3122 971 3205 intellegimus
1003 3143 1086 3206 quae
1118 3123 1340 3209 uituperentur
1367 3124 1401 3186 in

265 3299 299 3370 ²⁰)
319 3302 354 3355 ef
370 3302 489 3356 Controu
508 3302 521 3355 I
541 3305 565 3367 7,
588 3303 628 3356 15.
648 3303 722 3355 hunc
740 3305 768 3355 et
792 3301 860 3355 alios
883 3302 954 3355 locos
982 3301 1031 3369 qui
1058 3302 1112 3355 huc
1134 3302 1241 3356 faciunt
1264 3301 1401 3371 congessit

172 3389 190 3442 J
212 3389 398 3445 Koerberus
427 3391 457 3444 in
485 3391 684 3444 Dissertatione
716 3390 907 3459 Marburgensi
940 3390 1007 3444 anni
1030 3391 1108 3455 1864,
1137 3408 1221 3458 quam
1247 3390 1399 3459 inscripsit:

172 3479 277 3534 Ueber
296 3480 357 3534 don
375 3481 505 3534 Rhetor
523 3479 648 3533 Seneca
665 3480 731 3533 und
749 3479 802 3533 dio
820 3479 986 3533 romische
1005 3479 1171 3533 Rhetorilr
1190 3478 1399 3545 seinerZeit‚

171 3569 242 3636 pol
261 3588 301 3637 sq.

263 3656 298 3725 ²¹)
318 3658 357 3711 De
375 3658 427 3710 hoc
445 3657 492 3709 Th
510 3657 710 3710 Fromentus
728 3658 758 3710 in
772 3656 964 3710 Annalibus
983 3656 1174 3711 Facultatis
1189 3656 1399 3711 Litterarum

171 3745 449 3815 Burdigalensis‚
464 3746 510 3799 uol
524 3745 537 3797 Ι
552 3744 628 3811 (anni
644 3746 723 3810 1879)
737 3745 998 3800 commentationem
1012 3745 1217 3814 elegantissime
1230 3746 1399 3815 conscripsit,

171 3831 345 3888 cni'titulum
363 3835 478 3889 indidit:
502 3836 552 3889 Un
574 3837 715 3889 orateur
738 3835 949 3903 republicain
972 3852 1048 3888 sous
1072 3835 1237 3903 Auguste:
1263 3835 1400 3889 Cassius

171 3923 326 3978 Severus:
346 3942 400 3992 quo
412 3925 471 3994 ipso
490 3924 574 3978 titulo
593 3924 732 3978 indicatur
751 3925 867 3978 oratoris
885 3925 915 3978 in
934 3924 1076 3978 Caesarem
1091 3924 1267 3979 uoluntatem
1280 3925 1400 3978 maxime

171 4012 312 4080 explicari.
341 4014 374 4068 de
389 4014 447 4067 eius
461 4031 561 4082 genere
575 4013 683 4067 dicendi
698 4013 827 4067 similiter
836 4017 921 4080 atque
939 4031 990 4081 ego
1004 4012 1110 4066 iudicat
1124 4012 1205 4067 homo
1219 4014 1322 4079 doctus,
1338 4031 1400 4067 cum

172 4100 248 4153 dicat
262 4102 330 4155 haec
343 4121 362 4171 p
385 4104 446 4157 132:
466 4102 486 4156 C
505 4103 523 4157 S
542 4102 685 4156 contribua
700 4141 706 4153 .
722 4142 728 4155 .
745 4143 751 4156 .
766 4143 772 4156 .
800 4102 963 4171 ardpondre
977 4119 1006 4155 ce
1020 4105 1088 4171 gout
1102 4102 1149 4156 des
1168 4103 1249 4156 traits
1262 4102 1399 4167 brillants‚

172 4189 219 4242 des
232 4192 305 4243 mots
323 4193 341 4244 a
358 4190 423 4245 effet
441 4195 501 4261 etp
516 4192 580 4245 138:
608 4191 633 4243 Il
651 4208 766 4258 marquo
789 4191 815 4243 le
837 4191 916 4260 point
934 4189 1020 4260 precis
1039 4193 1073 4244 oir
1092 4191 1259 4258 l'eloquence
1277 4192 1400 4246 romaine

172 4283 359 4333 commendet«.
377 4279 499 4350 changer
517 4281 551 4335 de
570 4279 716 4334 direction:
742 4279 764 4332 il
786 4282 828 4333 est
846 4281 873 4334 le
890 4280 997 4334 modale
1016 4281 1049 4335 de
1065 4281 1219 4334 cettoecole
1240 4298 1294 4348 qne
1312 4283 1399 4350 repre-

172 4371 249 4423 sentc
268 4369 343 4438 Aper
360 4369 428 4422 dans
447 4369 473 4423 le
492 4369 628 4439 Dialogue
647 4369 693 4423 des
712 4371 834 4423 oratenrs
853 4368 887 4423 dc
906 4369 1009 4424 Tacite.
1030 4399 1063 4407 --
1083 4370 1116 4423 de
1134 4369 1193 4423 eius
1210 4369 1311 4439 patria,
1330 4370 1398 4437 uita,

172 4459 293 4513 moribus
312 4460 513 4513 commentatus
531 4462 573 4513 est
595 4459 620 4512 A
643 4457 859 4522 Weichertds
881 4457 912 4510 in
934 4459 1004 4512 libro
1028 4458 1061 4512 de
1080 4459 1101 4511 L
1120 4458 1218 4512 Varii
1237 4462 1272 4513 et
1290 4459 1399 4514 Cassii

172 4549 363 4605 Parmensis
382 4548 456 4602 uita
474 4548 634 4617 conscripto,
654 4549 728 4604 edito
747 4547 857 4602 Grimae
878 4549 954 4612 1836,
973 4567 1011 4616 pp
1033 4549 1173 4602 loo—204.
