3128 4942
686 1095 814 1204 Caput
845 1095 891 1181 V.

239 1262 311 1352 (luo
335 1264 496 1347 tempore
519 1263 562 1329 de
586 1264 701 1330 causis
724 1264 915 1347 corruptae
938 1263 1162 1346 eloquentiae
1185 1264 1280 1330 liber
1302 1265 1352 1330 sit

678 1371 911 1455 conscriptus.

269 1498 440 1583 Exponere
464 1496 505 1563 de
525 1504 669 1582 tempore
688 1519 750 1582 quo
765 1498 848 1564 liber
862 1497 903 1563 (16
918 1498 1026 1564 causis
1041 1498 1242 1583 conscriptus
1256 1498 1406 1564 uideatur

178 1612 353 1692 propterea
377 1603 590 1671 recusandum
613 1626 676 1669 non
701 1611 759 1690 est,
783 1605 859 1688 quia
882 1605 1222 1690 postDodwellum,
1247 1605 1302 1689 qui
1320 1626 1405 1670 anno

184 1714 267 1781 1698
285 1712 431 1778 Oxoniae
448 1711 550 1777 edidit
564 1712 733 1778 Annales
750 1711 1043 1789 Quintilianeos
1057 1732 1150 1778 nemo
1166 1711 1207 1778 de
1222 1733 1311 1778 6616
1326 1712 1405 1778 (1616

179 1838 280 1904 opera
304 1820 461 1903 exposuit.
507 1840 528 1884 6
551 1818 721 1886 Dodwello
745 1819 887 1904 pendent
910 1839 994 1903 quae
1019 1818 1059 1884 (16
1079 1818 1287 1902 chronologia
1308 1818 1406 1896 Quin·

179 1925 316 1992 tilianea
340 1927 545 1993 inueniuntur
572 1927 606 1991 in
629 1927 718 1994 libris
747 1927 788 1992 (16
811 1927 990 1992 litterarum
1013 1925 1167 1991 memoria
1189 1927 1406 1991 Romanarum

179 2031 286 2099 editis.
332 2032 461 2098 uidetur
488 2040 596 2099 autem
626 2054 707 2118 opus
731 2054 892 2099 essenon
914 2033 1010 2099 modo
1034 2034 1200 2118 relatione,
1225 2032 1406 2099 sedetiam

178 2140 363 2207 instaurata
388 2141 622 2223 disquisitione.
668 2162 743 2206 nam
770 2162 875 2224 neque
903 2141 959 2207 ille
988 2161 1198 2225 quaecunque
1222 2141 1336 2206 statuit
1360 2141 1406 2205 ita

181 2246 425 2332 demonstrauit,
449 2254 484 2312 ut
507 2267 592 2313 noua
616 2255 807 2330 argumenta
831 2247 951 2313 addere
976 2249 1114 2314 otiosum
1138 2247 1188 2330 sit,
1212 2268 1272 2314 nec
1295 2268 1406 2313 uerum

179 2361 247 2420 tam
279 2355 397 2421 acriter
430 2354 585 2439 dispexit,
618 2361 653 2420 111
685 2375 749 2420 non
782 2355 892 2437 aliqua
925 2354 1118 2438 corrigenda
1156 2354 1219 2420 sint
1251 2354 1405 2438 putanda.

178 2468 289 2547 potest
311 2483 388 2527 uero
413 2463 561 2544 quaestio
589 2482 673 2545 quae
704 2469 754 2528 est
782 2460 823 2528 (16
851 2462 953 2527 libro
983 2461 1028 2526 de
1057 2461 1187 2527 causis
1211 2480 1274 2525 non
1298 2460 1405 2526 dirimi

179 2570 221 2634 ab
246 2589 286 2635 66
310 2589 394 2652 quae
418 2575 468 2634 661
492 2567 537 2634 (16
560 2568 827 2635 Institutione.

268 2675 375 2758 Atque
398 2675 482 2741 hanc
510 2676 713 2742 conscribere
741 2675 848 2762 coepit
877 2674 1108 2760 Quintilianus,
1140 2695 1204 2740 non
1233 2681 1407 2759 antequam

179 2804 199 2848 a
223 2803 356 2849 munere
378 2783 573 2868 professoris
596 2783 718 2868 publici
742 2804 815 2850 sese
838 2783 1013 2850 abdicauit.
1062 2783 1133 2868 ipse
1157 2782 1241 2848 enim
1265 2781 1345 2848 dicit
1368 2780 1404 2870 [l]

179 2910 312 2977 prooem
337 2894 356 2972 ξ
385 2896 398 2955 1
424 2890 520 2955 haec:
551 2896 627 2975 post
653 2889 858 2974 impetratam
888 2889 1004 2955 studiis
1033 2890 1114 2955 meis
1144 2890 1292 2974 quietem,
1323 2910 1407 2973 quae

178 3016 236 3083 per
259 2997 405 3079 uiginti
429 3017 531 3062 annos
555 2995 740 3063 erudiendis
763 2996 935 3063 iuuenibus
958 2995 1187 3081 impenderam,
1218 3016 1290 3061 oum
1313 3017 1333 3061 6
1355 3017 1407 3061 me

186 3102 313 3186 quidam
337 3103 514 3171 familiares
538 3104 748 3189 postularent,
772 3110 807 3169 ut
831 3102 954 3187 aliquid
974 3101 1015 3168 (16
1033 3103 1159 3168 ratione
1179 3101 1309 3168 dicendi
1324 3122 1406 3168 com-

182 3228 341 3295 ponerem,
376 3210 432 3275 diu
465 3232 534 3277 sum
567 3210 717 3295 equidem
749 3211 926 3277 reluctatus
955 3230 1021 3295 eqs.
1045 3248 1088 3258 -
1112 3209 1266 3277 discimus
1299 3215 1407 3275 autem

179 3315 294 3385 eodem
326 3318 398 3383 loco
430 3339 561 3385 munere
595 3318 736 3384 functum
764 3339 836 3384 eum
869 3318 970 3384 1111666
1002 3339 1072 3403 per
1100 3318 1244 3401 uiginti
1277 3338 1406 3384 annos.

171 3424 243 3490 iam
267 3425 440 3510 quaeritur,
471 3446 542 3509 qno
565 3426 647 3490 illud
671 3426 850 3512 susceperit
873 3446 980 3491 anno.
1026 3425 1283 3510 Hieronymus
1307 3425 1406 3490 tradit

168 3531 210 3597 in
237 3531 396 3598 Chronico
411 3532 604 3617 Eusebiano,
628 3533 716 3615 quod
739 3535 779 3598 ab
804 3553 842 3599 eo
868 3532 1050 3618 suppletum
1066 3552 1139 3598 6666
1163 3552 1203 3598 ex
1219 3532 1404 3598 Suetonio

164 3644 316 3724 constat,
340 3639 384 3704 ad
407 3660 526 3705 annum
548 3639 616 3704 Abr
639 3642 726 3705 2084
741 3671 776 3694 =
791 3644 832 3708 68
856 3639 958 3725 pOhr
980 3639 1075 3705 haec:
1104 3640 1136 3703 M
1159 3638 1282 3705 Fabius
1308 3637 1405 3716 Quin-

162 3746 312 3812 tilianus
339 3748 475 3812 Romam
502 3768 522 3811 a
551 3746 658 3811 Galba
689 3746 883 3831 perducitur.
929 3755 962 3812 et
992 3746 1036 3811 ad
1064 3766 1182 3811 annum
1211 3749 1299 3813 2104
1313 3777 1348 3801 =
1362 3750 1404 3813 88

163 3851 277 3920 haec:
316 3852 535 3931 Quintilianus
568 3875 608 3920 ex
639 3854 800 3939 Hispania
832 3854 1099 3937 Calagurritanns
1132 3853 1254 3937 primus
1283 3855 1405 3919 Romae

163 3960 343 4046 publicam
375 3960 519 4027 scholam
552 3968 584 4028 et
616 3961 770 4027 salarium
801 3961 928 4045 accepit
959 3967 991 4027 61
1024 3960 1148 4026 claruit.
1195 3960 1230 4025 61
1258 3960 1404 4027 Suetonii

167 4067 352 4133 editionem
375 4068 569 4134 Rothianam
591 4071 692 4153 6272
716 4087 757 4132 no
776 4070 884 4133 111-
900 4067 986 4150 quod
1011 4088 1082 4132 cum
1105 4088 1125 4132 a
1150 4066 1256 4133 Galba
1270 4069 1405 4132 Romam

171 4194 218 4240 ex
241 4175 404 4260 Hispania
426 4175 547 4241 Fabius
570 4175 745 4260 perductus
774 4175 824 4260 sit,
853 4195 918 4239 non
945 4182 995 4240 est
1023 4195 1079 4240 6111
1107 4174 1298 4259 dubitemus,
1326 4175 1404 4257 quin

174 4301 215 4348 66
249 4281 323 4368 ipso
352 4302 435 4347 anno
468 4283 598 4368 publica
631 4282 743 4349 schola
776 4282 819 4347 6(1
844 4302 917 4347 eum
951 4281 993 4348 sit
1021 4281 1140 4347 delata.
1184 4301 1289 4364 neque
1319 4281 1404 4348 enim

174 4388 384 4475 intellegitur,
409 4410 465 4454 cur
488 4388 529 4456 (16
553 4389 622 4456 eius
646 4392 780 4455 Romam
804 4389 947 4454 aduentu
970 4389 1126 4455 adcurate
1149 4389 1316 4474 referatur,
1339 4388 1403 4456 nisi

180 4516 251 4563 cnm
273 4496 335 4562 hoc
363 4497 505 4563 aduentu
532 4497 749 4564 memorabilis
781 4497 839 4561 illa
872 4496 1004 4563 scholae
1035 4495 1186 4583 publicae
1217 4496 1403 4582 publicique
