3128 4942
763 215 806 277 46

678 303 891 312 .-.

259 403 364 469 Aliter
386 405 426 470 11
451 425 491 472 11
512 426 547 470 re
563 407 660 473 sentit
673 407 904 474 Dodwellus
924 404 1012 493 (126
1029 430 1098 493 =p
1117 411 1200 475 1147
1217 409 1399 492 11Β111);

172 511 325 592 quiante
349 532 467 609 annum
491 515 533 578 94
556 512 795 579 Institutionem
818 514 939 599 publici
962 515 1041 580 iuris
1066 535 1139 580 esse
1163 514 1283 580 factam
1307 516 1399 582 colli-

171 637 247 700 gere
272 618 334 683 sihi
357 618 485 685 uidetur
514 639 554 684 en
583 625 669 685 certo
699 620 828 686 indicio.
874 621 961 703 quod
985 621 1114 704 quidem
1144 623 1261 707 repetit
1284 643 1325 687 ex
1349 643 1399 708 eo,

171 724 265 809 quod,
289 730 324 790 ut
347 725 394 789 ait
413 724 448 811 (p
467 730 573 811 1148),
597 725 816 802 Quintilianus
839 727 1066 812 philosophiae
1088 730 1233 794 meminit
1257 750 1400 815 semper·

171 853 233 915 que
257 853 328 897 cum
350 832 456 918 laude,
483 833 530 897 ita
557 834 714 919 nimirum,
746 841 782 898 ut
807 836 985 920 praecipua
1012 835 1100 901 illius
1129 834 1247 902 decora
1277 837 1401 921 potiori

169 939 239 1003 iure
263 959 343 1005 suae
366 939 510 1005 uindlcet
534 941 703 1026 oratoriae,
727 941 874 1008 aemulus
896 942 1041 1027 proinde,
1064 963 1127 1007 non
1151 944 1301 1009 inimicus
1326 945 1399 1010 eius

171 1045 395 1130 appellandus.
427 1053 528 1130 negat
552 1048 636 1111 enim
658 1046 753 1112 homo
778 1047 892 1114 doctus
916 1049 962 1113 ita
977 1069 1049 1113 eum
1064 1049 1278 1115 iudicaturum
1293 1049 1399 1117 fuisse

171 1151 211 1216 de
234 1151 440 1237 philosophia
465 1160 497 1218 11
520 1153 561 1220 11
584 1153 796 1239 philosophis,
822 1155 851 1219 si
874 1161 949 1239 tum,
973 1176 1044 1220 eum
1059 1156 1117 1220 illa
1132 1157 1306 1242 scripserit,
1330 1158 1399 1222 iam

169 1259 384 1344 Domitianus,
408 1259 486 1342 quid
510 1260 550 1326 de
570 1260 636 1326 illis
652 1261 794 1345 sentiret,
817 1260 990 1327 manifesto
1008 1262 1271 1330 demonstrasset.
1304 1265 1398 1347 atqui

172 1366 323 1432 Caesaris
355 1365 504 1452 edictum,
537 1389 600 1451 quo
632 1367 819 1453 philosophi
852 1390 961 1435 omnes
994 1369 1038 1434 ad
1071 1391 1169 1435 unum
1202 1371 1297 1436 eiecti
1331 1372 1398 1437 sint

170 1475 281 1558 Roma,
309 1472 471 1558 prodiisse
495 1495 578 1539 anno
603 1477 660 1541 94:
690 1495 767 1558 ergo
797 1481 885 1540 ante
908 1475 992 1541 huno
1016 1497 1134 1542 annum
1157 1478 1397 1544 Institutionem

170 1600 244 1646 esse
276 1581 434 1647 emissam.
483 1583 604 1647 errauit
634 1580 824 1648 Dodwellus
862 1583 895 1646 in
933 1603 971 1647 11
1010 1583 1096 1667 quod
1129 1605 1213 1648 anno
1244 1588 1286 1650 94
1317 1587 1396 1650 urbe

168 1688 380 1773 philosophos
404 1708 477 1754 esse
505 1688 693 1754 interdictos
721 1689 857 1773 putauit.
907 1710 984 1753 nam
1010 1689 1060 1753 Th
1083 1691 1334 1757 Mommsenus
1362 1692 1396 1757 in

169 1795 308 1861 Hermae
331 1795 385 1860 uol
408 1795 456 1858 ΠΙ
478 1817 500 1880 p
521 1800 571 1880 84,
596 1795 796 1861 demonstrat
819 1794 900 1860 illud
923 1796 1063 1861 edictum
1088 1797 1209 1862 editum
1233 1818 1306 1863 esse
1329 1799 1397 1862 iarn

169 1923 253 1967 anno
284 1905 335 1987 93,
368 1922 462 1985 quem
491 1903 635 1984 sequitur
664 1901 994 1969 Friedlaenderus
1024 1902 1112 1989 (Hist
1134 1904 1204 1968 Mor
1226 1906 1307 1968 Rom
1329 1906 1396 1968 ΙΠ1

168 2008 296 2096 pust).
329 2008 388 2074 111
410 2009 522 2093 procul
546 2009 643 2074 dubio
667 2015 754 2075 recte
777 2009 860 2074 uidit
883 2008 977 2075 homo
1002 2009 1115 2076 doctus
1138 2011 1282 2096 Fabium,
1306 2019 1396 2096 post·

169 2136 265 2198 quam
292 2115 378 2199 pulsi
407 2121 517 2181 essent
544 2115 738 2201 philosophi,
771 2137 923 2182 ausurum
950 2137 1014 2182 non
1043 2117 1144 2183 t'uisse
1168 2118 1328 2183 uoluntati
1364 2127 1398 2186 11

171 2223 350 2288 1111111111
380 2221 432 2288 111
461 2229 493 2287 11
522 2223 643 2287 domini
674 2223 772 2310 sui³⁰)
805 2225 852 2289 ita
880 2244 952 2291 sese
981 2245 1152 2310 opponere,
1181 2232 1216 2289 11
1244 2225 1399 2292 laudaret

169 2349 250 2412 quos
273 2330 329 2395 ille
352 2330 609 2398 condemnasset.
646 2331 756 2414 itaque
780 2351 930 2414 cogemur
951 2332 1102 2397 arbitrari
1122 2339 1198 2397 ante
1218 2354 1337 2398 annum
1353 2337 1396 2400 93

167 2436 406 2504 Institutionem
429 2458 503 2503 esse
527 2437 656 2522 editam,
689 2438 717 2503 si
743 2437 837 2503 nobis
867 2439 1124 2523 persuascrimus
1153 2438 1398 2524 philosophiam

168 2544 345 2611 inhonore
369 2564 441 2610 esse
464 2543 609 2609 habitam
633 2564 653 2607 a
677 2542 885 2619 Quintiliano.
932 2552 966 2609 at
993 2545 1027 2609 in
1054 2545 1116 2610 hac
1145 2567 1180 2610 rc
1204 2546 1396 2614 Dodwellus

168 2672 189 2715 a
216 2671 293 2715 uero
327 2649 410 2716 adeo
439 2650 612 2734 aberrauit,
644 2657 679 2714 ut
712 2650 832 2734 optimo
865 2671 923 2716 suo
951 2651 1020 2717 iure
1049 2651 1307 2720 FMuellerus
1335 2654 1394 2718 ld

167 2780 189 2843 p
218 2760 353 2823 15—17
379 2756 501 2822 diceret
529 2757 750 2842 uituperari
785 2756 1024 2843 philosophiam
1052 2760 1094 2824 ab
1123 2760 1306 2848 oratorem.)
1349 2780 1390 2824 ac

167 2864 314 2930 Muelleri
345 2863 487 2947 uestigia
520 2864 640 2930 secutis
670 2864 762 2930 nobis
792 2864 856 2929 iam
886 2885 966 2950 opus
996 2866 1056 2931 erit
1078 2865 1274 2950 perlustrare
1297 2865 1392 2932 Insti-

167 2971 301 3037 tutionis
333 2972 431 3056 locos,
468 2971 501 3035 in
534 2971 649 3054 quibus
686 2992 789 3037 sermo
828 2979 878 3038 111
915 2972 960 3037 11
996 2973 1254 3058 philosophia
1287 2979 1319 3038 et
1351 2973 1396 3040 de

166 3078 378 3164 philosophis.
425 3078 494 3143 sine
521 3077 587 3143 ullo
615 3086 671 3143 aut
700 3078 807 3145 laudis
835 3086 892 3143 aut
914 3079 1163 3164 uituperationis
1189 3080 1281 3163 signo
1307 3101 1394 3145 com-

167 3205 381 3214 ..——--

259 3255 294 3325 30)
317 3257 352 3311 cf
372 3274 443 3324 quae
466 3256 534 3310 dicit
557 3257 590 3310 ds
615 3257 771 3311 Domitiano
796 3257 834 3310 IV
858 3273 967 3324 prooem
993 3258 1056 3323 §5:
1086 3258 1155 3311 mihi
1175 3301 1181 3314 .
1198 3300 1203 3311 .
1219 3299 1247 3313 ..
1270 3259 1396 3327 profecto

167 3346 270 3416 poterit
288 3346 401 3415 ignosci,
427 3345 493 3399 si..
510 3385 537 3399 ..
562 3364 635 3399 nunc
653 3346 741 3399 omnis
764 3346 794 3398 in
817 3345 953 3399 auxilium
976 3346 1039 3400 deos
1061 3347 1207 3415 ipsumque
1235 3348 1265 3401 in
1287 3347 1394 3417 primis,

167 3454 221 3504 quo
244 3453 333 3504 neque
356 3435 525 3504 praesentius
548 3435 625 3489 aliud
648 3452 698 3489 nec
720 3434 819 3488 studiis
842 3433 931 3502 magis
954 3436 1104 3504 propitium
1128 3454 1250 3490 numen
1273 3441 1322 3502 est,
1351 3438 1394 3491 in·

167 3542 262 3579 uocem
281 3543 335 3593 eqs.
350 3527 479 3579 —tauto
497 3525 537 3578 ihi
556 3528 620 3595 eget
639 3524 750 3588 auxilio,
770 3523 837 3591 quia
855 3527 967 3593 nepotes
982 3525 1104 3580 Caesaris
1123 3526 1148 3580 ei
1167 3529 1232 3579 sunt
1251 3526 1395 3581 erudiendi

167 3615 273 3669 traditi.
310 3614 343 3667 de
362 3613 527 3683 adrogantia
545 3632 601 3681 qua
620 3612 794 3666 Domitianus
812 3630 867 3667 non
885 3614 973 3679 modo,
998 3618 1030 3667 ut
1049 3615 1192 3684 Augustus
1211 3632 1328 3682 quoquc,
1349 3615 1394 3669 dei

166 3704 239 3757 filius
258 3703 303 3757 111
322 3703 381 3771 ipse
400 3702 477 3767 deus,
501 3720 556 3756 non
578 3702 711 3771 princeps,
736 3701 783 3755 sed
801 3702 925 3755 dominus
944 3704 1040 3758 haberi
1063 3704 1161 3769 uoluit,
1187 3705 1212 3757 ct
1231 3704 1355 3758 Suetonii
1374 3723 1394 3757 u

167 3792 321 3847 Domitiani
341 3810 354 3845 c
375 3793 416 3856 13,
435 3792 555 3845 maxime
574 3792 653 3845 hacc:
678 3809 740 3844 cum
764 3794 971 3860 procuratorum
990 3810 1101 3846 suorum
1119 3793 1229 3846 nominc
1247 3793 1393 3847 formalem

167 3883 284 3936 dictaret
303 3880 459 3949 epistulam,
479 3881 518 3934 sic
536 3880 637 3949 coepit:
658 3880 811 3934 dominus
831 3883 863 3934 et
882 3880 959 3934 deus
978 3886 1092 3935 noster
1111 3883 1171 3935 hoe
1189 3882 1269 3935 fieri
1288 3883 1392 3936 iubet.

259 3969 293 4031 ³¹)
321 3971 362 4023 Ne
391 3969 612 4038 Spaldingius
644 3969 763 4036 quidem,
794 3988 916 4053 summus
949 3970 992 4023 uir
1024 3974 1052 4024 ct
1084 3973 1197 4039 egregia
1225 3971 1391 4036 Quintiliani

166 4059 359 4114 familiaritate
378 4057 519 4122 excellens,
538 4057 679 4111 Dodwello
697 4058 727 4110 in
746 4058 924 4113 adnotatione
944 4058 980 4112 ad
1000 4058 1034 4125 111
1049 4076 1161 4127 prooem
1180 4060 1194 4125 ξ
1214 4062 1245 4113 15
1265 4061 1306 4125 (=
1319 4061 1391 4114 voll

167 4168 185 4219 p
209 4151 238 4201 13
257 4152 301 4215 sql
330 4147 404 4201 sacta
426 4149 499 4200 recte
521 4146 674 4214 respondet,
702 4146 749 4200 sed
772 4148 918 4202 artificioso
943 4150 1107 4217 argumento
1131 4148 1206 4202 illius
1225 4150 1392 4203 seutentiam

167 4240 282 4292 conatur
312 4238 420 4290 reicere.
472 4235 539 4289 dicit
567 4235 653 4289 enirn:
682 4237 793 4290 uolebat
817 4254 882 4290 sane
906 4236 994 4289 uideri
1018 4237 1192 4291 Domitianus
1216 4239 1391 4307 philosophos

166 4329 312 4394 tamquam
331 4326 403 4378 uiros
421 4324 508 4378 malos
527 4325 698 4393 proscribere,
718 4343 774 4379 non
791 4325 880 4393 ipsam
899 4324 1102 4394 philosophiam
1117 4326 1211 4381 odisse.
1239 4345 1341 4392 uereor,
1357 4345 1391 4381 ne

166 4432 247 4470 nemo
270 4416 318 4482 qui
341 4415 370 4467 in
393 4431 451 4468 rem
474 4414 650 4482 inquisiuerit
678 4414 840 4483 Spaldingio
864 4414 892 4467 id
920 4414 1058 4469 concedat.
1095 4434 1151 4483 qua
1178 4415 1211 4468 de
1235 4433 1318 4470 causa
1340 4417 1391 4471 hoc

167 4506 362 4575 argumentum
379 4504 409 4557 in
428 4521 520 4557 meum
538 4522 619 4557 usum
637 4507 795 4557 conuertere
813 4521 868 4556 non
886 4503 973 4572 potui.
