3128 4942
758 196 800 260 66

167 390 296 456 61111116.
342 411 429 475 sane,
454 389 704 457 subuertendam
731 389 786 454 ille
810 388 996 455 facundiam
1020 391 1165 457 Senecae
1188 396 1302 476 putat,
1334 410 1409 457 cum

168 518 239 563 eum
263 498 407 564 conferat
433 519 492 583 per
516 498 789 583 comparationem
811 497 890 562 mire
914 497 1132 581 excogitatam
1160 519 1235 563 cum
1258 497 1408 583 praesti-

167 604 293 688 giatorc
325 606 379 688 qui
411 604 553 670 calculos
586 605 619 669 in
650 604 751 669 altum
783 605 886 670 116116
923 604 1117 689 primoribus
1148 605 1252 671 labris
1287 611 1406 691 captet

168 710 224 799 [ad
245 712 278 776 M
300 711 473 777 Antonium
497 711 538 777 de
562 712 770 796 orationibus,
793 732 814 796 p
842 714 905 777 116
929 711 971 776 ed
993 713 1207 779 Naberianae.
1251 711 1291 777 cf
1310 733 1335 797 p
1361 715 1401 778 21

168 817 227 908 61].
274 818 340 885 Sed
369 819 556 885 Ciceronem
588 819 734 901 quamuis
766 818 878 884 laudet
913 819 1076 886 nonnullis
1104 819 1185 885 locis
1219 818 1402 904 [epistolar

166 925 210 991 ad
233 926 352 991 Verum
379 926 555 1011 111114,
578 924 621 989 ad
646 924 674 988 Μ
690 924 886 990 Antoninum
910 925 951 991 de
976 925 1160 1008 eloquentia
1176 928 1193 991 1
1213 955 1251 980 =
1268 946 1293 1011 p
1312 922 1399 1013 145],

166 1053 229 1098 uno
253 1033 395 1097 fateatur
417 1032 516 1096 multo
541 1052 614 1098 esse
637 1032 790 1098 maiorem
814 1033 885 1117 ipso
911 1030 966 1119 [ad
985 1033 1106 1098 amicos
1122 1034 1146 1117 l,
1165 1035 1204 1098 14
1218 1054 1291 1118 :p
1313 1029 1399 1119 184],

166 1146 275 1205 tamen
297 1139 416 1204 uirtute
440 1145 551 1204 censet
575 1159 614 1204 ea
639 1158 757 1222 carcre,
781 1139 814 1203 in
838 1160 901 1221 qua
917 1160 1073 1205 summam
1093 1161 1171 1207 suae
1186 1138 1398 1223 eloquentiae

166 1246 258 1332 ponit
290 1245 435 1328 gloriam.
491 1246 538 1308 ait
570 1245 655 1309 enim
689 1242 744 1331 [ad
770 1245 803 1309 M
831 1246 1004 1312 Caesarem
1037 1253 1069 1311 61
1101 1247 1240 1312 inuicem
1268 1245 1397 1311 11th

166 1375 187 1439 p
212 1351 283 1439 63):
313 1352 341 1416 is
368 1351 446 1415 mihi
473 1350 602 1416 uidetur
625 1373 645 1416 a
669 1352 864 1435 quaerendis
893 1353 1113 1438 scrupulosius
1140 1352 1250 1418 uerbis
1279 1353 1397 1437 procul

166 1458 288 1525 afuisse
312 1460 364 1523 uel
387 1458 609 1542 magnitudine
633 1460 730 1524 animi
755 1461 808 1525 1161
831 1459 909 1543 fuga
932 1460 1053 1526 laboris
1076 1460 1129 1525 uel
1152 1510 1159 1525 .
1184 1510 1191 1525 .
1215 1511 1223 1544 ,
1247 1511 1255 1526 .
1282 1458 1397 1543 itaquo

167 1567 363 1652 comperisse
397 1566 571 1633 uideor..
596 1620 603 1635 .
628 1619 635 1632 .
660 1575 768 1633 cetera
801 1588 873 1631 eunr
906 1587 1026 1649 genera
1058 1568 1228 1632 uerborum
1259 1566 1396 1651 copiose

165 1674 387 1757 uberrimaque
411 1681 571 1740 tractasse
595 1725 601 1740 .
626 1726 632 1738 .
657 1726 673 1758 .‚
701 1695 797 1757 quom
820 1681 927 1739 tamen
951 1673 983 1736 in
1008 1674 1154 1739 omnibus
1179 1672 1249 1739 eius
1274 1673 1396 1739 oratio·

167 1782 262 1848 nibus
281 1781 479 1865 paucissima
495 1780 667 1844 admodum
683 1780 826 1864 reperias
850 1779 1051 1863 insperata
1076 1787 1172 1862 atque
1189 1779 1397 1864 inopinata

164 1889 295 1971 uerba,
329 1906 412 1969 quae
444 1886 572 1951 nonnisi
604 1906 675 1950 eum
708 1885 815 1950 studio
840 1892 938 1967 atque
961 1936 1092 1950 .....
1116 1887 1217 1950 multa
1246 1892 1395 1953 ueterum

166 1993 341 2060 carminum
369 1992 523 2057 memoria
551 1991 755 2074 indagantur.
778 2030 821 2037 -
845 1991 1008 2076 uituperat
1035 1991 1085 2057 his
1109 1993 1217 2058 uerbis
1241 1993 1395 2079 Tullium,

166 2100 253 2184 quod
284 2119 347 2164 non
376 2099 457 2165 satis
487 2099 660 2183 diligenter
688 2106 837 2166 uersatus
866 2100 908 2165 sit
936 2100 968 2164 in
997 2099 1125 2165 delectu
1152 2101 1334 2185 uerborum,
1362 2106 1396 2167 61

165 2208 200 2272 id
223 2208 361 2273 maxime
384 2213 547 2272 uetustate
569 2208 751 2292 insignium.
797 2208 906 2291 itaquo
930 2208 1038 2273 uerbis
1062 2227 1145 2290 quae
1173 2227 1248 2271 rara
1272 2207 1339 2273 sint
1362 2213 1396 2273 61

165 2311 338 2382 uetustatis
371 2315 511 2398 quadam
544 2316 691 2399 rubigine
731 2315 850 2380 infecta
884 2315 1026 2398 undique
1064 2314 1253 2397 conquisitis
1286 2314 1393 2381 excoli

166 2424 255 2489 iubet
278 2423 463 2488 orationem.
511 2423 601 2487 euius
626 2423 725 2489 studii
748 2422 849 2487 inulta
873 2422 961 2507 apud
986 2443 1058 2487 cum
1071 2422 1277 2487 inueniuntur
1299 2421 1391 2488 testi-

165 2531 281 2595 monia.
310 2529 357 2595 616
372 2530 451 2593 dicit
473 2529 506 2592 in
530 2528 671 2612 epistula
686 2527 729 2591 ad
742 2529 774 2591 M
790 2529 984 2593 Antoninum
1009 2527 1050 2592 de
1074 2525 1259 2608 eloquentia
1283 2527 1392 2593 datal

168 2634 200 2723 [p
219 2634 308 2722 mol:
333 2636 387 2700 ubi
411 2636 580 2699 uerborum
596 2634 771 2718 praesidiis
796 2654 877 2718 opus
893 2641 950 2718 est,
974 2654 1037 2697 non
1052 2633 1242 2698 uoluntariis
1266 2639 1392 2699 tantum

170 2763 254 2825 quae
285 2742 369 2806 ultro
403 2740 578 2806 obueniunt
609 2748 746 2826 utemur,
785 2740 844 2807 sed
880 2740 1016 2806 latentia
1049 2739 1201 2806 dicemus.
1255 2740 1392 2806 eundem

165 2859 273 2914 monet
297 2848 437 2932 epistula
460 2848 508 2910 lll
533 2844 564 2935 [p
595 2845 665 2935 151]
691 2848 751 2912 ita:
776 2855 811 2913 ut
835 2899 842 2914 .
866 2899 872 2914 .
898 2901 905 2916 .
930 2900 937 2914 .
961 2848 1135 2931 imaginem
1164 2846 1307 2930 aliquam
1335 2844 1523 2921 art-„eat

166 2954 395 3029 commodares,
423 2955 560 3038 figuram
588 2955 739 3034 11166166,
773 2957 879 3041 prisco
909 2957 1007 3020 uerbo
1036 2955 1223 3039 adornares,
1252 2954 1394 3021 colorem

166 3064 366 3130 uetuseulum
390 3062 595 3147 adpingeres‚
624 3069 656 3129 et
683 3063 797 3127 laudat
822 3065 857 3147 [p
885 3061 974 3149 lbtl:
1006 3062 1070 3128 seis
1099 3062 1200 3127 uerba
1228 3081 1392 3147 quaerere,

168 3172 232 3237 6616
255 3176 384 3255 reperta
407 3177 494 3234 recte
510 3171 687 3254 conlocare,
713 3171 777 3236 6616
802 3171 941 3235 colorem
965 3168 1124 3234 sincerum
1138 3167 1311 3234 uetustatis
1335 3167 1392 3233 ad-

167 3279 309 3363 pingcre.
358 3274 404 3363 [cf
417 3277 512 3342 etiam
537 3299 558 3363 p
577 3275 660 3364 162]
706 3277 758 3341 his
781 3275 940 3360 reputatis
964 3275 1036 3357 quis
1059 3274 1251 3341 infitiabitur
1274 3274 1392 3341 cadere

167 3386 200 3449 in
214 3385 416 3468 Frontonem,
440 3383 527 3465 quod
545 3383 667 3448 Fabius
692 3383 773 3447 dixit
797 3383 837 3447 de
862 3383 1028 3468 corruptis,
1052 3383 1157 3447 inani
1182 3402 1262 3446 eum
1286 3382 1391 3448 circa

168 3512 284 3556 16666
308 3491 437 3557 studio
463 3491 690 3557 senescere?
725 3498 756 3554 et
780 3496 887 3554 tamen
906 3498 1035 3574 corrupt
1049 3489 1177 3554 iuirium
1192 3488 1392 3571 aliquantum

168 3599 348 3663 habuerunt
372 3604 404 3661 ot
428 3597 605 3682 sanguinis,
634 3597 696 3682 ipsi
726 3596 767 3661 de
796 3617 854 3662 suo
883 3598 993 3680 aliqua
1023 3597 1265 3680 innouauerunt,
1293 3617 1392 3662 uoces

169 3713 204 3770 ut
226 3725 398 3790 peruersas
423 3705 469 3768 ita
497 3706 538 3769 ab
568 3704 649 3789 ipsis
683 3704 831 3770 inuentae
864 3709 1107 3788 usurpauerunt.
1152 3703 1271 3767 Fronto
1295 3702 1391 3786 longe

168 3813 276 3877 aliter:
305 3811 452 3876 inaudita
476 3811 533 3875 illa
557 3818 590 3876 61
617 3812 785 3896 inopinata
813 3831 896 3894 quae
925 3810 1038 3876 inserit
1065 3810 1203 3875 orationi
1230 3809 1301 3894 ipse
1328 3829 1390 3874 non

167 3920 269 4003 tingit,
302 3920 377 4001 quia
405 3925 528 3982 tantum
560 3939 624 3983 non
647 3919 743 4002 ualet,
777 3918 835 3984 sed
864 3917 980 4003 promit
1013 3938 1053 3982 ex
1079 3916 1224 3982 latibulis
1251 3915 1306 3981 ubi
1334 3936 1393 4001 per

168 4026 301 4090 multum
333 4026 487 4109 tcrnporis
516 4046 586 4089 eum
615 4026 720 4090 salute
749 4025 904 4090 sermonis
932 4023 1069 4089 Romani
1101 4022 1228 4088 occulta
1255 4023 1391 4088 fuerunt.

169 4154 233 4216 qua
257 4140 307 4198 661
331 4133 525 4215 sagacitate,
558 4132 735 4215 inuestigat
759 4132 940 4215 elegantias
965 4151 1098 4214 quarum
1122 4138 1172 4196 est
1196 4127 1331 4215 cupidus
1359 4130 1392 4193 in

84 4298 88 4305 .
168 4240 323 4305 obsoletis
348 4241 378 4303 ll
402 4239 508 4303 Porcii
539 4238 681 4321 Catonis,
715 4240 806 4322 llnni,
839 4239 925 4322 11661,
957 4237 1070 4321 Naeui,
1103 4236 1251 4321 Gracchi,
1284 4235 1392 4300 Plauti

168 4347 258 4412 libris
291 4344 346 4431 (de
379 4345 429 4410 his
463 4346 498 4410 cf
521 4344 572 4408 Ad
595 4345 627 4409 M
652 4346 824 4411 Caesarem
858 4352 890 4410 ot
923 4345 977 4408 inu
1008 4344 1052 4408 lV
1083 4347 1102 4408 3
1131 4374 1165 4396 =
1192 4364 1214 4427 p
1238 4346 1289 4409 62.
1334 4342 1390 4426 Ill,

172 4459 209 4520 11
239 4484 273 4508 =
300 4474 322 4539 p
347 4456 399 4520 48.
447 4451 488 4518 de
511 4452 601 4518 feriis
624 4452 828 4518 Alsiensibus
851 4456 871 4517 3
891 4481 925 4505 =
945 4479 964 4535 p
989 4448 1081 4539 22411
1105 4450 1139 4514 11
1162 4469 1271 4515 eorum
1293 4449 1393 4533 igitur
