3128 4942
713 275 754 339 67

122 470 217 536 libris
243 490 323 553 quos
342 470 407 534 iam
423 469 538 534 Horati
563 475 656 535 aetas
679 476 810 555 propter
835 470 1064 536 obscuritatem
1088 476 1120 536 et
1143 471 1352 556 asperitatem

122 577 361 643 reformidabat.
421 597 485 641 non
516 577 631 642 mirum
663 585 722 662 est,
760 576 848 660 quod
880 577 1070 644 Sallustium
1102 585 1134 644 et
1166 579 1351 663 Varronem,

122 693 268 751 ueterum
301 684 533 765 adsectatores,
567 683 664 749 simili
696 703 806 749 amore
840 685 929 749 fouet
962 690 1059 767 atque
1087 685 1176 770 ipsos
1204 686 1278 751 illos
1309 683 1356 772 [cf

122 793 219 858 Gellii
242 793 273 859 N
296 792 324 854 A
351 792 430 856 XIX
457 789 524 878 ¹0l²
558 811 742 873 quanquam
769 791 945 856 uerendum
974 799 1032 875 est,
1065 811 1106 856 ne
1138 792 1171 855 in
1205 791 1254 858 his
1287 812 1350 857 non

121 920 205 981 quae
228 898 407 963 laudabilia
432 897 503 983 sint,
533 896 592 964 sed
614 904 738 963 tantum
762 918 846 981 quae
874 906 1003 964 uetusta
1033 898 1161 964 duxerit
1184 898 1349 964 imitanda.

122 1026 258 1088 quocum
285 1005 368 1070 bene
396 1004 555 1089 conuenit,
585 1003 672 1086 quod
699 1004 800 1070 libere
828 1006 948 1071 fatetur
978 1003 1040 1092 [Ad
1063 1007 1095 1070 M
1120 1005 1293 1071 Caesarem
1318 1013 1350 1071 et

121 1114 175 1177 inu
197 1113 254 1198 ΠΙ,
281 1114 320 1178 15
348 1142 384 1166 =
409 1132 431 1197 p
459 1109 513 1198 52]
544 1111 763 1197 adpetendum
791 1132 864 1178 esse
893 1132 994 1195 genus
1025 1112 1153 1178 dicendi
1184 1113 1348 1178 oblicum

121 1226 157 1284 ct
193 1218 384 1285 interdum
422 1218 720 1285 dissimulatum.
772 1218 851 1301 quid
882 1219 981 1302 igitur
1013 1219 1107 1286 huius
1145 1219 1348 1302 eloquentiae

119 1327 266 1410 magistri
291 1332 341 1391 est
370 1325 555 1411 proprium?
601 1326 671 1411 hoc,
702 1325 766 1392 nisi
798 1326 902 1411 fallor,
935 1333 970 1391 ut
1001 1327 1139 1411 primum
1170 1328 1347 1394 orationem

119 1433 239 1498 nudam
264 1441 296 1498 et
320 1432 512 1498 exhaustam
540 1431 661 1497 efficiat
686 1440 808 1497 remoto
838 1434 923 1497 omni
951 1441 1138 1499 ornamento
1167 1433 1253 1516 quod
1277 1434 1347 1500 eius

119 1547 236 1605 natura
252 1540 408 1624 poscitur:
434 1538 588 1623 deinceps
611 1544 646 1603 ut
660 1539 780 1603 nudam
803 1545 835 1604 et
859 1538 1034 1605 deformem
1058 1542 1193 1625 sumptis
1217 1562 1237 1605 a
1260 1548 1347 1606 uete-

119 1647 208 1712 ribus
241 1646 370 1712 laoiniis
403 1645 537 1711 induere
570 1651 602 1710 et
634 1665 759 1710 comere
792 1667 877 1711 uano
909 1646 1021 1712 labore
1054 1656 1193 1712 conetur.
1241 1654 1348 1734 stupet

117 1752 341 1819 huiuscemodi
368 1752 507 1818 hominis
536 1752 750 1818 admiratione
777 1752 806 1817 A
831 1753 996 1819 Gellius:
1026 1754 1112 1836 quod
1141 1761 1278 1838 apparet
1306 1775 1346 1819 ex

117 1859 367 1925 narratiunculis
396 1859 511 1942 quibus
540 1858 581 1925 de
605 1879 642 1924 eo
671 1858 769 1924 refert
791 1860 872 1924 XIII
899 1864 960 1926 129
984 1860 1064 1924 XIX
1088 1864 1117 1926 8.
1145 1864 1193 1924 lb.
1221 1864 1271 1926 13.
1317 1862 1349 1925 II

119 1970 171 2033 26.
218 1967 375 2049 equibus
404 1965 438 2029 id
462 1986 589 2048 qnoque
621 1966 820 2049 intellegitur
849 1966 949 2032 fuisso
982 1967 1099 2032 multos
1129 1968 1182 2049 qui
1211 1967 1244 2031 in
1273 1967 1349 2033 talis

119 2075 296 2157 magistelli
319 2073 421 2138 uerba
444 2073 596 2141 iurarent.
642 2073 736 2140 nobis
764 2095 822 2159 pro
853 2082 939 2139 certo
969 2073 1152 2139 habendum
1177 2081 1227 2139 cst
1250 2072 1348 2150 Quin-

118 2181 267 2245 tilianum
289 2180 384 2245 huius
410 2187 518 2245 sectae
543 2179 760 2261 eloquentiam
783 2201 847 2244 non
870 2181 977 2262 magis
1002 2201 1116 2246 sanam
1133 2174 1349 2245 iudicaturum

119 2282 220 2352 fuisse
244 2307 341 2369 quam
364 2286 433 2352 eius
457 2287 490 2350 in
514 2306 611 2369 quam
633 2287 714 2350 libro
738 2286 886 2351 inuectus
902 2294 959 2352 est.
1006 2293 1168 2353 ettamen
1192 2308 1233 2352 ex
1247 2288 1344 2352 Fron·

119 2393 261 2459 tonianis
284 2394 313 2458 is
338 2392 462 2458 exstitit
486 2392 576 2458 ouius
606 2392 726 2476 scripta
754 2393 936 2476 legentibus
963 2393 1112 2458 rediuiua
1140 2413 1213 2458 esse
1237 2394 1345 2460 hercle

118 2500 247 2565 uidetur
269 2499 343 2583 ipsa
367 2499 431 2565 ista
454 2498 608 2564 facundia
631 2507 790 2585 corrupta,
814 2520 910 2582 quam
925 2500 1046 2565 Fabius
1070 2499 1210 2565 fortasse
1234 2520 1343 2585 spera-

117 2613 210 2672 uerat
232 2627 395 2689 nunquam
418 2606 451 2671 in
468 2626 524 2671 ora
547 2607 709 2672 hominum
732 2627 935 2672 reuersuram
950 2627 1032 2674 esse.
1065 2629 1139 2671 nam
1154 2607 1342 2692 Apuleius

116 2713 342 2780 Madaurensis
371 2715 412 2779 ab
441 2713 594 2779 ariditate
628 2721 660 2780 et
686 2714 855 2780 ieiunitate
884 2714 927 2779 ad
954 2721 1079 2780 tantam
1110 2714 1343 2780 abundantiam

115 2826 304 2904 tantumque
332 2828 488 2887 tumorem
525 2842 560 2887 se
593 2823 751 2887 conuertit
783 2829 903 2906 quanto
941 2823 1042 2889 fuisse
1079 2823 1134 2887 uix
1166 2844 1263 2888 unum
1302 2836 1342 2889 ex

117 2927 308 3004 Quintiliani
332 2927 530 2993 aduersariis
554 2928 743 3012 opinere.³⁹)

203 3069 246 3134 At
260 3070 418 3156 Apuleius
441 3090 561 3153 magna
585 3090 624 3135 ex
647 3077 741 3156 parte
764 3070 920 3156 pependit
944 3073 985 3136 ab
1010 3092 1049 3137 ea
1074 3071 1270 3137 Graecorum
1293 3071 1339 3136 fa-

116 3177 334 3260 cundia'quae
348 3177 533 3263 appellatur
556 3177 684 3243 altera
709 3179 972 3263 sophistarum
996 3199 1066 3244 ars.
1100 3200 1196 3261 quam
1211 3177 1340 3261 quidem

115 3292 218 3349 artem
241 3285 296 3365 qui
318 3285 559 3369 profitebantur,
584 3284 682 3351 etiam
698 3284 787 3370 apud
801 3286 995 3349 Frontonem
1012 3291 1043 3350 et
1059 3285 1198 3349 Gellium
1221 3305 1339 3367 magno

116 3391 148 3455 in
172 3392 295 3457 honore
318 3390 505 3475 fuerunt.4⁰)
552 3393 662 3476 itaque
685 3398 721 3457 ut
743 3392 857 3459 melius
882 3398 1049 3477 appareat
1073 3392 1128 3474 qui
1151 3391 1247 3456 fuerit
1269 3391 1339 3457 rhe-

113 3573 327 3583 —a——

204 3695 239 3763 39)
255 3696 368 3764 quuae
382 3695 704 3750 HKretschmannus
719 3695 749 3750 in
759 3696 951 3750 dissertatione
965 3694 1338 3762 deLatinitateApulei

113 3786 267 3856 conscripta
287 3785 458 3855 (Regimonti
476 3785 557 3850 1865)
576 3784 689 3854 exponit
707 3803 726 3854 p
744 3787 814 3839 3-—8
838 3787 866 3839 et
884 3783 1139 3838 Friedlaenderi
1158 3783 1184 3836 H
1197 3785 1226 3837 M
1241 3785 1264 3836 R
1283 3781 1336 3837 ΠΙ1

112 3877 194 3944 paor
214 3895 253 3944 sq.
290 3876 372 3928 illum
390 3875 420 3928 in
438 3874 540 3928 litteris
558 3873 660 3928 saeculi
679 3873 763 3943 primi
782 3875 861 3928 docte
880 3873 1075 3928 adumbrandis
1088 3873 1171 3942 plane
1185 3873 1337 3942 neglexisse

114 3965 318 4029 Quintilianum
337 3964 484 4018 admodum
503 3962 594 4017 miror.

205 4087 240 4156 ⁴⁰)
259 4090 412 4144 Honorifice
431 4089 527 4143 dicunt
546 4088 579 4142 de
593 4088 771 4143 Polemone
785 4089 887 4143 Fronto
901 4090 964 4158 pta
978 4089 1013 4154 N,
1033 4087 1138 4144 Gellius
1158 4087 1191 4140 do
1209 4086 1338 4141 Herode

113 4178 230 4232 Attico
257 4179 270 4232 Ι
294 4182 318 4232 2.
346 4180 385 4233 IX
410 4181 434 4232 2.
452 4179 531 4234 ,VIII
556 4178 589 4231 10
617 4176 660 4244 (de
684 4178 820 4232 Fauorino
847 4179 886 4232 IV
907 4179 930 4231 1.
958 4178 1025 4232 VIII
1045 4180 1069 4232 2.
1099 4177 1152 4230 XII
1178 4177 1201 4230 1.
1228 4175 1293 4230 XIV
1315 4181 1337 4230 l.

112 4267 163 4321 XV
182 4268 207 4321 8.
234 4268 327 4321 XVIII
347 4271 382 4334 7).
419 4268 552 4338 Apuleius
575 4268 657 4337 plane
680 4267 774 4320 eodem
799 4284 853 4335 quo
872 4267 1011 4336 sophistae
1030 4267 1180 4320 utebantur
1197 4264 1278 4319 modo
1296 4282 1338 4318 res

112 4375 161 4426 per
187 4374 216 4411 se
247 4374 348 4425 paruas
379 4357 524 4425 exquisibis
552 4357 641 4411 uerbis
669 4359 698 4410 et
725 4355 831 4425 poetico
859 4356 960 4426 spiritu
987 4357 1099 4410 inflatus
1127 4355 1277 4424 praedicat,
1306 4358 1338 4410 ut

111 4447 242 4518 pulchrae
261 4445 380 4503 feminae
399 4447 531 4516 capillum
549 4449 654 4501 Metam
672 4445 699 4499 H
718 4445 734 4498 8
753 4462 792 4512 sq.

1146 4639 1177 4696 ὁ*
