3128 4942
753 185 799 249 40

164 380 321 447 Arellium
347 381 500 466 Fuscum,
532 381 699 466 Papirium
729 379 924 464 Fabianum,
958 379 1102 446 Cestium
1127 379 1233 464 Pium,
1264 377 1392 443 lunium

166 488 356 573 Gallionem,
372 488 522 573 Curtium,
541 488 657 552 lulium
671 484 915 572 Africanum,M
929 486 1051 571 Aprum
1067 507 1142 551 num
1155 485 1334 570 incesserit,
1350 504 1392 549 ne

166 595 351 660 coniectura
374 595 503 679 quidem
527 594 686 679 suspicari
709 613 890 679 possumne.
937 594 1018 659 satis
1048 600 1098 659 est
1120 592 1304 658 habendum
1326 613 1392 656 non

165 702 324 787 ignorare,
348 722 504 786 quosnam
528 722 585 767 suo
609 703 677 766 iure
700 701 755 766 ille
779 700 946 785 increpare
969 700 1152 785 potuerit.
1178 739 1216 747 -
1244 699 1392 764 uenimus

165 808 232 873 iam
254 809 298 874 ad
322 829 378 875 eos
402 809 456 893 qui
480 810 521 875 ab
546 807 661 874 eadem
684 815 777 894 parte
803 814 900 892 atque
924 807 979 872 ille
1004 807 1134 874 stetisse
1157 806 1294 893 putandi
1308 813 1392 872 sunt.

257 915 312 1002 10)
344 917 392 981 Ac
424 916 563 981 Iulium
592 915 804 981 Secundum
837 935 877 980 ex
907 914 1020 980 amicis
1048 914 1115 980 suis
1145 913 1246 980 fuisse
1269 913 1392 979 Fabius

166 1029 304 1089 testatur
329 1023 361 1087 X
389 1026 418 1109 3,
449 1025 498 1089 12.
544 1022 622 1106 quid
649 1021 788 1088 ualuerit
818 1021 963 1107 dicendo,
992 1021 1115 1087 indicat
1143 1022 1217 1086 libri
1247 1019 1394 1087 eiusdem

167 1116 192 1195 o⁸
212 1136 237 1214 1,
261 1132 302 1210 §5
329 1133 392 1196 120
415 1137 448 1196 et
473 1133 544 1196 121.
590 1150 652 1213 quo
682 1130 753 1195 loco
782 1129 845 1194 etsi
873 1129 983 1211 aliqua
1006 1129 1087 1193 uitia
1115 1129 1248 1193 nonita
1273 1128 1393 1210 exigua

167 1237 338 1322 opprobrio
369 1237 399 1302 ei
427 1243 602 1322 uertuntur,
635 1243 744 1302 tamen
770 1235 869 1301 multo
899 1235 1004 1319 magis
1032 1234 1184 1300 laudatur
1211 1256 1307 1318 quam
1335 1235 1393 1299 im-

166 1344 321 1429 probatur
349 1350 381 1409 et
408 1344 606 1429 improbatur
633 1342 728 1408 modo
752 1342 927 1409 leuissimo.
975 1341 1169 1408 conferenda
1202 1348 1276 1408 sunt
1308 1362 1394 1426 quae

168 1457 297 1517 exstant
320 1450 353 1515 in
376 1451 510 1535 Dialogi
534 1472 550 1516 c
574 1454 593 1517 2
618 1451 705 1516 dicta
728 1450 812 1516 hunc
839 1449 873 1514 in
902 1450 1045 1515 modum:
1080 1450 1226 1534 quamuis
1249 1449 1394 1533 maligne

167 1558 313 1643 plerique
341 1558 549 1644 opinarentur
571 1580 631 1625 nec
654 1558 795 1624 Secundi
825 1564 1006 1644 promptum
1035 1579 1107 1625 esse
1132 1578 1310 1624 sermonem
1335 1578 1393 1640 eqs

167 1673 213 1731 et:
248 1664 397 1732 Secundo
430 1687 529 1751 purus
561 1673 593 1732 et
620 1687 763 1751 pressus,
799 1672 831 1730 et
858 1665 892 1729 in
920 1671 1074 1749 quantum
1103 1665 1183 1731 satis
1214 1672 1291 1750 erat,
1320 1686 1393 1750 pro-

167 1772 679 1839 1111111111111111111111111.-κ
714 1794 754 1838 ex
780 1771 831 1838 his
854 1793 927 1837 mea
955 1771 1085 1854 quidem
1114 1772 1274 1838 sententia
1301 1779 1394 1857 patet

168 1879 285 1943 Iulium
308 1880 392 1945 iuter
418 1880 568 1946 meliores
597 1880 667 1944 eius
697 1879 851 1964 temporis
880 1886 1025 1944 oratores
1056 1879 1124 1945 siue
1152 1880 1326 1964 scriptores
1351 1918 1393 1926 -

168 1987 349 2071 composuit
386 1987 471 2052 enim
507 1986 581 2050 Iulii
612 1985 757 2051 Africani
789 1985 891 2050 uitam
924 1985 1099 2052 secundum
1129 1985 1314 2052 Dialem
1348 1984 1398 2073 (11

169 2092 236 2157 adn
263 2095 317 2172 25)
346 2131 383 2140 -
410 2114 483 2160 esse
511 2084 731 2160 referendum:
764 2093 875 2177 itaque
905 2113 975 2158 cum
999 2093 1100 2158 Fabio
1125 2093 1329 2160 consensisse
1354 2093 1394 2160 de

168 2200 293 2265 ratione
322 2206 446 2283 quaet
476 2199 648 2266 dicendum
676 2200 719 2267 sit
747 2207 779 2266 et
812 2200 1024 2267 scribendum.
1071 2201 1228 2266 dissentio
1252 2201 1351 2284 igitur
1374 2222 1394 2266 a

169 2305 379 2393 Teuffelio,
413 2307 467 2392 qui
497 2307 576 2372 HL
600 2309 627 2372 R
651 2311 670 2389 ξ
695 2311 759 2375 311
789 2309 842 2392 (=
859 2330 880 2393 p
898 2312 960 2375 712
987 2307 1028 2373 ed
1054 2307 1162 2389 Schw)
1188 2315 1299 2373 censet
1323 2329 1394 2373 eum

169 2435 190 2479 a
212 2434 366 2498 peruerso
391 2415 575 2498 elegantiae
600 2421 632 2481 et
656 2414 852 2481 artificiosae
876 2414 1068 2481 elocutionis
1084 2413 1190 2480 studio
1211 2416 1393 2498 aequalium

168 2541 233 2586 non
256 2521 397 2586 alienum
420 2520 530 2606 fuisse,
555 2521 617 2588 etsi
640 2522 746 2588 minus
769 2521 827 2587 illa
851 2523 1040 2607 captauerit,
1065 2543 1161 2605 quam
1183 2522 1216 2586 M
1239 2525 1336 2607 Aper.
1366 2522 1400 2588 11

48 2629 50 2633 ’
169 2628 210 2694 de
243 2649 281 2694 eo
310 2627 511 2694 Plutarchi
538 2629 585 2693 uit
618 2627 755 2694 Othonis
784 2649 801 2694 c
826 2633 858 2694 l:
892 2627 940 2693 ἐπὶ
971 2641 1028 2694 τῶν
1057 2627 1214 2694 ἐπιστολῶν
1241 2636 1394 2718 γενόμενος

165 2745 219 2800 τοῦ
239 2734 396 2818 ’Odorem
430 2755 492 2819 quo
525 2735 596 2800 loco
626 2733 778 2800 docemur
805 2735 923 2800 Iulium
956 2735 1126 2820 scripsisse
1161 2734 1201 2800 de
1229 2737 1331 2802 rebus
1349 2734 1390 2799 ad

169 2841 363 2907 Bedriacum
387 2841 498 2925 gestis.

260 2951 317 3032 11)
341 2948 557 3015 DeVitorio
576 2949 822 3035 Mar0e1102⁷)‚
847 2949 901 3034 qui
923 2949 1001 3014 mihi
1024 2949 1076 3015 hic
1100 2956 1151 3016 est
1173 2949 1394 3034 nominandus,

168 3075 273 3141 paene
296 3055 376 3120 nihil
398 3063 509 3122 notum
532 3063 592 3122 est.
636 3063 744 3122 tamen
768 3077 808 3122 en
833 3077 871 3122 11
895 3055 982 3140 quod
997 3055 1214 3133 Quintilianus
1238 3058 1286 3122 illi
1301 3057 1395 3124 Iusti·

169 3162 325 3228 tutionem
348 3162 473 3228 dicauit
495 3162 539 3228 ad
555 3163 671 3229 Getam
694 3163 795 3229 filium
819 3163 1028 3229 erudiendum
1053 3164 1100 3243 (cf
1112 3161 1149 3252 [I]
1170 3185 1301 3249 prooem
1317 3170 1336 3247 ξ
1351 3164 1395 3252 6),

171 3289 243 3334 cum
266 3270 377 3355 aliqua
400 3270 469 3336 ueri
494 3270 603 3356 specie
627 3270 802 3336 conicimus
821 3269 1009 3336 Marcellum
1032 3291 1095 3335 nou
1117 3271 1213 3336 modo
1238 3273 1395 3340 amicissi-

167 3397 254 3441 mum
276 3376 325 3442 illi
348 3377 458 3462 fuisse,
483 3376 542 3443 sed
571 3377 669 3443 etiam
698 3376 814 3443 studiis
839 3377 1063 3460 sententiaque
1092 3379 1394 3447 coniunctissimum.

260 3488 313 3564 12)
342 3485 553 3571 Vipstanus
581 3486 768 3570 Messala,
802 3485 857 3568 qui
889 3484 1050 3550 inducitur
1079 3487 1112 3551 iu
1135 3487 1319 3570 Dialogoc
1345 3492 1395 3574 14,

169 3591 210 3656 ab
233 3591 320 3676 Apro
344 3593 546 3678 uituperatur
574 3597 665 3678 115,
699 3591 786 3676 quod
818 3613 884 3658 non
913 3592 1042 3660 desinat
1069 3602 1180 3659 uetera
1209 3602 1334 3661 tantum
1363 3603 1395 3662 et

168 3699 303 3781 antiqua
330 3700 452 3782 mirari,
484 3700 612 3765 illorum
640 3706 748 3764 autem
775 3706 954 3785 temporum
988 3701 1096 3767 studia
1124 3702 1264 3769 inridere
1297 3709 1395 3787 atque

169 3813 380 3871 contemnere.
426 3806 545 3872 deinde
568 3828 588 3871 a
612 3827 629 3872 c
653 3809 696 3872 21
720 3827 822 3891 usque
846 3808 889 3872 ad
913 3810 992 3874 131
1016 3829 1080 3873 non
1102 3809 1207 3875 minus
1231 3816 1395 3876 strenuum

168 3913 372 3996 antiquitatis
397 3935 433 3980 se
455 3921 602 4000 praestat
627 3914 829 3981 defensorem
852 3936 949 3999 quam
972 3922 1047 3981 ante
1062 3916 1149 4001 Aper
1172 3917 1395 3985 uehementem

168 4041 204 4087 se
232 4021 381 4106 praebuit
408 4021 646 4089 insectatorem.
706 4043 789 4106 quae
821 4022 967 4106 legentes
1000 4022 1096 4089 facile
1128 4022 1326 4112 adducimur,
1358 4034 1394 4092 ut

260 4196 298 4266 ¹²)
316 4199 461 4254 Nohlius
480 4202 509 4255 11
527 4201 573 4254 Th
591 4201 811 4255 Mommsenus
830 4201 948 4255 Hermae
961 4202 1007 4255 vol
1021 4201 1073 4254 XII
1087 4204 1116 4255 11
1129 4201 1195 4256 ΧΠΙ
1214 4204 1394 4259 ostenderunt

167 4287 285 4341 formam
303 4288 444 4343 Victorius
466 4307 555 4357 neque
580 4309 641 4345 cum
664 4290 850 4345 monumentis
875 4308 964 4358 neque
983 4309 1045 4345 cum
1063 4309 1115 4345 111
1135 4292 1192 4346 1111
1212 4293 1312 4348 aetatis
1331 4312 1392 4348 con·

168 4376 269 4431 1111111.
306 4377 401 4446 itaque
425 4379 498 4448 apud
520 4379 637 4434 Fabium
661 4380 762 4449 ubique
787 4395 803 4434 1
830 4380 914 4434 litera
941 4381 971 4434 in
998 4381 1047 4436 illo
1070 4382 1180 4437 nomine
1203 4386 1244 4437 est
1268 4382 1391 4438 delenda.

168 4465 222 4521 loci
240 4469 305 4521 sunt
323 4467 365 4521 hi:
387 4467 422 4536 [I]
442 4485 552 4537 prooem
571 4469 586 4536 ξ
606 4470 630 4525 6.
667 4470 706 4523 IV
725 4487 836 4538 prooem
854 4469 869 4536 ξ
886 4471 908 4523 1.
939 4470 978 4524 VI
995 4488 1105 4540 prooem
1124 4475 1139 4535 ξ
1155 4474 1179 4526 1.
1215 4472 1267 4524 XII
1288 4474 1328 4539 11,
1348 4474 1390 4527 31.
