3128 4942
674 210 884 306 „AL

255 403 397 467 Pecoare
420 402 560 468 uidimus
584 409 752 487 corruptos
784 403 901 468 rebus
924 404 935 466 i
959 424 976 468 e
1000 403 1185 469 inuentione
1215 410 1247 466 et
1283 401 1391 485 dispo-

168 508 292 594 sitione,
316 509 393 574 item
418 509 646 576 elocutione.
692 530 829 594 peccare
853 510 951 574 etiam
973 509 1298 594 pronuntiatione
1326 509 1392 572 iam

167 616 346 700 apparebit.
398 637 437 681 ac
459 616 677 701 pronuntiatio
700 623 736 681 ut
759 623 809 682 est
832 623 975 682 extrema
997 638 1074 700 pars
1103 615 1316 700 eloquentiae,
1344 615 1392 679 ita

167 742 232 786 non
261 723 355 806 parui
386 723 548 788 momenti.
601 744 677 787 nam
709 722 753 788 ad
785 723 925 788 officium
957 723 1094 788 oratoris
1131 723 1272 809 pertinet
1308 742 1391 804 quae

169 827 255 893 dorni
280 828 497 894 elaborauerit
519 830 553 893 in
576 830 645 895 foro
670 839 746 915 apte
770 837 921 914 recteque
945 830 1061 913 eloqui.
1108 851 1203 913 quem
1230 829 1274 893 ad
1296 829 1392 894 finem

168 955 232 999 uox
256 941 306 1001 est
328 936 375 1000 ita
399 937 619 1021 temperanda,
642 947 677 1002 ut
701 946 732 1003 et
756 937 800 1002 ad
822 958 889 1002 rem
913 959 1009 1021 quam
1031 937 1175 1022 proferat
1199 936 1241 1002 sit
1264 935 1392 1000 adcom-

166 1041 299 1107 modata
323 1049 355 1108 et
377 1043 729 1111 audientiumauribus
753 1044 902 1111 iucunda.
949 1066 1045 1129 quam
1067 1045 1173 1127 legem
1195 1065 1258 1109 non
1283 1040 1402 1109 obsor-¹

167 1155 278 1213 uatam
301 1169 374 1216 esse
398 1171 418 1215 a
442 1151 602 1236 corruptis
625 1151 819 1236 perspicitur
842 1172 882 1217 ex
905 1152 985 1217 locis
1008 1151 1075 1217 his:
1099 1152 1146 1215 XI
1173 1154 1199 1235 1,
1223 1152 1280 1218 bb:
1306 1171 1392 1214 can-

169 1260 267 1341 tare,
283 1257 368 1340 quod
388 1257 501 1323 uitium
518 1258 672 1344 peruasit,
687 1265 719 1324 et
732 1259 781 1323 XI
796 1261 825 1344 3,
845 1262 902 1324 bl:
924 1258 1137 1341 quodcunque
1156 1279 1196 1323 ex
1214 1257 1265 1322 his
1282 1257 1392 1320 uitium

167 1364 274 1446 magis
297 1366 424 1432 tulerim
447 1387 544 1450 quarn
568 1388 630 1450 quo
654 1388 738 1432 nunc
756 1367 894 1433 maxime
917 1367 1083 1432 laboratur
1105 1367 1139 1431 in
1162 1365 1271 1431 causis
1295 1363 1393 1428 omni-

168 1472 229 1536 bus
253 1471 436 1556 scholisque
460 1473 658 1559 cantandi,
687 1473 774 1558 quod
797 1474 941 1540 inutilius
970 1474 1078 1540 sitan
1106 1473 1247 1557 foedius,
1274 1471 1393 1536 nescio.

169 1577 248 1662 quid
274 1579 358 1645 enim
385 1580 490 1647 minus
524 1582 645 1647 oratori
673 1583 823 1648 conuenit
850 1603 945 1666 quam
973 1581 1150 1646 modulatio
1179 1579 1329 1646 scaenica
1362 1584 1394 1641 et

168 1704 396 1770 nonnunquam
424 1688 583 1753 ebriorum
614 1696 646 1754 et
674 1689 917 1755 comissantium
944 1687 1097 1754 licentiae
1116 1686 1251 1752 similis?
1273 1724 1306 1731 -
1327 1685 1393 1767 qui-

167 1793 302 1858 buscum
316 1792 511 1859 conferenda
527 1801 601 1860 sunt
616 1815 700 1877 quac
724 1799 743 1875 ξ
759 1797 800 1860 59
817 1794 979 1876 leguntur:
1005 1793 1111 1875 quod.
1128 1843 1135 1858 .
1152 1844 1158 1857 .
1174 1843 1181 1857 .
1197 1793 1225 1858 si
1239 1792 1394 1876 recipien-

169 1898 245 1963 dum
273 1905 336 1983 est,
367 1899 448 1963 nihil
471 1920 591 1965 causae
624 1907 685 1984 est,
719 1920 775 1965 cur
805 1920 869 1964 non
900 1899 991 1964 illam
1022 1899 1113 1964 uocis
1144 1897 1394 1963 modulationem

168 2003 287 2070 fidibus
310 2025 350 2070 ac
373 2005 470 2091 tibiis,
493 2007 589 2070 immo
612 2006 802 2092 mehercule,
826 2006 913 2090 quod
936 2013 986 2072 est
1008 2006 1083 2070 huic
1106 2004 1302 2070 deformitati
1321 2023 1393 2088 pro-

168 2112 251 2197 pius,
276 2113 467 2197 cymbalis
491 2113 690 2180 adiuuemus.
723 2151 766 2161 -
799 2114 854 2197 qui
886 2112 1015 2197 quidem
1052 2120 1190 2178 cantus
1224 2132 1287 2195 qua
1320 2131 1392 2176 eon-

170 2219 288 2286 stiterit
310 2241 346 2285 re
370 2219 504 2286 Cicero
528 2220 624 2287 docet
649 2221 694 2287 Or
716 2225 736 2303 ξ
761 2225 801 2288 ‘27
826 2220 930 2288 hisce:
956 2241 1027 2287 eum
1049 2241 1126 2286 uero
1146 2219 1302 2286 inclinata
1325 2219 1392 2284 ulu-

168 2327 314 2411 lantique
337 2347 418 2394 uoce
440 2348 528 2394 more
554 2329 698 2395 Asiatico
728 2349 844 2395 canere
881 2328 1043 2413 coepisset
1076 2325 1201 2414 eqs.¹4).
1261 2334 1393 2391 cantare

168 2434 267 2519 igitur
289 2434 325 2499 id
347 2435 460 2501 uitium
482 2436 649 2501 nominant
671 2457 734 2519 quo
758 2456 907 2502 sonorum
920 2435 1064 2501 uarietas
1080 2455 1144 2518 qua
1160 2433 1288 2500 differre
1311 2433 1395 2498 inter

169 2563 205 2609 se
230 2540 348 2608 debent
370 2562 477 2627 uoces,
502 2543 681 2627 enuntiata,
705 2541 1016 2627 comprehensiones,
1039 2541 1086 2607 ita
1101 2541 1239 2626 effertur,
1253 2548 1288 2605 ut
1302 2546 1394 2604 tanta

169 2669 274 2735 paene
289 2648 462 2713 interualla
482 2649 642 2715 exsistant
664 2649 748 2714 inter
766 2648 894 2732 singula
919 2656 1040 2731 quanta
1064 2648 1129 2715 sint
1147 2655 1225 2732 apta
1240 2647 1283 2711 ad
1298 2646 1392 2712 musi-

170 2776 250 2822 cam.
296 2755 347 2820 cui
376 2753 505 2839 quidem
531 2756 623 2820 multi
651 2762 725 2822 sunt
752 2763 868 2821 natura
896 2755 1026 2821 obnoxii
1054 2776 1158 2839 neque
1187 2762 1294 2820 tamen
1322 2775 1393 2839 pro-

170 2863 279 2929 bandi.
324 2862 406 2928 illud
428 2883 506 2929 uero
531 2863 585 2948 qui
608 2864 691 2929 ultro
716 2863 887 2950 adpetunt,
916 2864 985 2930 sine
1013 2863 1111 2930 dubio
1136 2884 1176 2928 ex
1204 2861 1394 2940 Quintiliani

171 2971 331 3038 sententia
356 2971 551 3056 corruptis
576 2979 649 3038 sunt
673 2971 889 3040 adscribendi.
920 3010 958 3021 -

261 3148 300 3218 ¹⁴)
331 3150 360 3205 cf
385 3149 542 3204 Ciceronem
565 3150 575 3202 l
603 3150 620 3202 d
648 3150 664 3216 ἓ
687 3151 734 3204 57:
766 3153 808 3204 est
949 3149 979 3202 in
1003 3149 1117 3202 dicendo
1151 3149 1264 3217 quidam
1297 3154 1394 3204 cantus

170 3241 316 3308 obscurior,
335 3259 390 3294 non
408 3240 487 3294 hice
505 3239 629 3309 Phrygia
648 3243 676 3294 et
695 3239 776 3294 Caria
793 3240 934 3294 rhetorum
953 3239 1078 3309 epilogus
1097 3258 1184 3309 paene
1202 3241 1349 3296 canticum.
1369 3242 1398 3295 ef

171 3331 305 3387 'I'acitei
324 3329 463 3399 Dialogi
482 3347 497 3383 c
515 3330 561 3383 26:
582 3329 709 3397 quodque
727 3329 776 3383 uix
793 3328 892 3384 auditu
910 3328 952 3383 fas
971 3346 1028 3383 esse
1051 3330 1150 3384 debeat
1168 3373 1174 3385 .
1270 3332 1394 3400 plerique

170 3422 278 3477 iactant
301 3419 405 3475 cantari
425 3418 577 3486 saltarique
596 3419 806 3473 commentarios
824 3435 894 3473 suos.
947 3419 1074 3473 saltando
1091 3419 1150 3475 sine
1168 3420 1251 3475 dubio
1268 3421 1394 3475 immodi-

170 3529 233 3566 cum
255 3513 365 3580 gestum
383 3508 501 3562 indicat:
521 3507 551 3560 in
570 3525 624 3575 quo
643 3508 783 3562 saltatoris
802 3507 1014 3563 similitudinem
1032 3508 1196 3578 fugiendum
1214 3527 1272 3565 esse
1293 3511 1394 3565 Fabius

169 3600 249 3655 docet
266 3600 305 3653 Xl
323 3600 348 3665 3,
365 3599 399 3653 88
417 3615 476 3666 sqq.
513 3596 647 3650 Plinius
664 3597 695 3650 in
710 3615 743 3652 ea
759 3597 821 3667 ipsa
838 3597 958 3668 epistula
976 3597 1006 3652 in
1025 3617 1081 3667 qua
1095 3599 1298 3665 Quintilianum
1317 3616 1393 3667 prae·

170 3692 309 3759 captorem
327 3706 408 3741 suum
426 3687 551 3756 appellat
569 3686 603 3741 de
621 3685 737 3741 canticis
756 3690 895 3741 oratorum
914 3688 982 3742 haec
1000 3689 1116 3758 profert:
1137 3688 1173 3755 (II
1186 3688 1226 3752 14,
1245 3686 1289 3753 12)
1308 3687 1394 3756 pudet

169 3778 269 3833 referre
287 3794 359 3846 quae
368 3794 453 3845 quam
470 3776 560 3832 fracta
569 3775 795 3846 pronuntiatione
809 3776 944 3840 dicantur,
964 3777 1063 3844 quibus
1079 3794 1162 3844 quam
1176 3775 1278 3830 toneris
1293 3775 1392 3830 clamo·

169 3868 245 3923 ribus
263 3867 444 3937 excipiantur.
485 3867 599 3936 plausus
616 3868 729 3921 tantum
748 3885 780 3921 ac
798 3867 890 3936 potius
909 3867 968 3920 sola
986 3866 1113 3934 cymbala
1137 3868 1166 3919 et
1183 3868 1319 3934 tympana
1337 3867 1393 3921 illis

170 3956 285 4012 canticis
303 3957 410 4011 desunt.

259 4045 420 4115 Cymbala
438 4048 467 4100 et
484 4048 647 4114 tympana
664 4044 850 4101 instrumenta
863 4049 928 4100 sunt
946 4044 1036 4099 mollis
1047 4044 1137 4098 cultus
1147 4043 1223 4097 illius
1242 4062 1297 4113 quo
1312 4064 1393 4102 nene-

169 4136 303 4190 rabantur
321 4134 441 4203 Cybelen
459 4136 583 4188 matrem.
620 4134 650 4188 in
669 4153 724 4202 quo
743 4153 805 4189 cum
823 4136 960 4190 eunuchos
974 4133 1145 4188 sacerdotum
1159 4151 1271 4189 munere
1285 4135 1394 4191 functos

169 4241 227 4279 esse
245 4226 359 4289 constet,
378 4241 492 4293 grauem
510 4226 606 4277 notam
629 4227 657 4278 et
676 4241 800 4279 seueram
818 4224 1005 4294 cymbalorum
1013 4222 1154 4278 mentione
1167 4223 1317 4294 significari
1335 4242 1392 4278 sen·

169 4312 263 4368 timus.
283 4315 368 4382 atque
386 4312 574 4379 Quintilianus
592 4312 663 4367 illud
681 4314 811 4369 scribens:
836 4313 909 4381 quod
928 4315 969 4367 est
992 4311 1057 4366 huic
1079 4312 1250 4368 deformitati
1273 4313 1392 4381 propius,

169 4401 303 4472 cymbalis
313 4402 643 4470 adiuuemus-certissime
653 4403 790 4472 cogitauit
799 4402 833 4457 de
841 4403 908 4457 deae
919 4401 1004 4456 semis
1014 4401 1151 4458 uirilitate
1160 4400 1313 4457 destitutis:
1328 4419 1393 4455 nam

169 4510 232 4547 cum
245 4491 410 4562 spadonibus
421 4495 561 4562 corruptos
570 4493 605 4546 ab
615 4510 646 4547 eo
660 4492 776 4547 conferri
790 4492 873 4561 paulo
887 4494 952 4547 ante
966 4491 1024 4546 iam
1035 4491 1162 4546 uidimus.
1182 4491 1215 4546 cf.
1230 4508 1249 4559 p
1262 4492 1279 4544 4
1293 4493 1321 4544 et
1335 4509 1354 4560 p
1369 4494 1394 4545 7.
