3128 4942
757 253 801 320 55

165 453 280 523 quentis
294 451 484 517 Quintilianus
502 453 602 507 fortem
615 451 740 506 animum
754 451 874 522 colligit:
894 469 950 520 qua
967 469 998 506 re
1015 453 1229 506 consentaneum
1247 452 1289 505 est
1306 466 1393 519 usqne

166 561 200 600 eo
209 542 439 599 lamentationem
448 543 609 612 perductam
623 558 688 596 esse.
710 541 807 610 quodsi
820 542 905 597 uerba
918 541 952 597 de
965 541 1065 611 quibus
1074 540 1231 611 quaerimus
1242 540 1273 594 in
1282 557 1393 596 censum

165 652 305 700 uocamus,
324 632 476 701 requiritur
494 649 549 700 quo
561 632 618 687 tale
632 631 764 700 quiddam
783 631 921 687 indicetur
939 632 1021 700 quale
1034 634 1088 688 est:
1108 649 1172 686 non
1190 631 1255 687 iam
1273 631 1391 696 habeo,

166 723 267 780 amisi
291 726 320 778 et
343 739 415 791 quae
433 725 498 777 sunt
516 721 626 776 similia
664 721 822 791 putauerim
845 739 910 792 ergo
932 739 981 792 pro
1003 724 1082 777 tene
1109 722 1257 792 legendum
1279 737 1337 776 esse
1359 723 1393 776 te

164 833 243 880 non,
277 816 339 883 post
365 813 418 866 hoc
444 811 508 866 dein
535 811 709 866 inserendum
737 828 794 866 esse
826 814 931 868 teneo.
978 830 1050 880 quae
1077 811 1234 867 coniectura
1260 829 1323 866 cum
1350 814 1392 867 est

95 903 100 910 '
165 905 310 969 facillima,
334 907 394 958 tum
413 903 527 974 praebat
545 919 606 957 eam
625 919 681 970 qua
699 918 811 972 egemus
840 902 1014 958 sententiam.
1053 902 1171 958 similem
1190 902 1248 958 loco
1267 901 1393 958 admouit

165 995 304 1050 medelam
323 991 561 1062 Spaldingius,
585 991 633 1060 qui
652 994 714 1061 post
732 1009 858 1062 poenas
876 991 907 1046 in
925 995 1004 1047 textu
1023 991 1177 1048 conlocauit
1196 991 1294 1047 amisi
1313 991 1392 1062 signo

165 1082 262 1140 addito
282 1081 515 1153 interrogationis.
552 1080 625 1137 redit
643 1081 695 1136 hoc
717 1081 752 1137 ad
775 1081 848 1136 idem
872 1085 957 1151 atque
979 1099 1079 1148 meum,
1103 1081 1158 1136 nisi
1176 1082 1250 1151 quod
1271 1081 1300 1136 id
1319 1081 1393 1151 quod

165 1192 217 1245 ego
236 1172 422 1244 proponebam
440 1171 549 1227 facilius
568 1171 699 1241 explicari
717 1174 808 1242 potest
826 1189 860 1227 ex
880 1172 987 1228 librarii
1006 1171 1192 1242 neglegentia.
1224 1170 1298 1226 idem
1310 1172 1392 1226 homo

165 1265 262 1319 doctus
285 1263 358 1317 inter
376 1264 510 1317 tantum
529 1265 557 1316 et
576 1279 699 1331 poenas
718 1262 814 1317 iniecit
832 1262 884 1328 ad,
915 1262 988 1331 quod
1015 1262 1228 1332 coniungeretur
1246 1278 1308 1316 cum
1326 1277 1392 1316 uoce

164 1356 310 1423 superstes.
347 1369 403 1420 qua
420 1352 451 1406 in
468 1368 497 1407 re
514 1354 620 1406 rectum
638 1368 702 1406 eum
719 1351 820 1406 uidisse
838 1351 965 1408 arbitror.

255 1459 327 1512 quae
350 1441 373 1496 si
395 1442 438 1496 ita
460 1458 488 1496 se
515 1441 629 1507 habent,
656 1440 833 1496 enuntiatum
861 1441 935 1510 quod
957 1441 1041 1511 paulo
1069 1443 1135 1496 ante
1161 1438 1392 1495 conformauimus

165 1531 335 1588 contrarium
353 1534 395 1586 est
408 1531 434 1586 ei
447 1529 521 1600 quod
539 1529 638 1599 incipit
653 1548 670 1585 a
684 1529 719 1584 si:
739 1547 810 1599 quae
825 1530 961 1601 oppositio
979 1534 1012 1586 ut
1029 1531 1153 1600 patefiat,
1173 1532 1206 1585 et
1224 1527 1392 1600 corrigamus

163 1623 195 1678 in
213 1621 270 1678 sed
287 1637 395 1676 necesse
413 1623 463 1675 est.

176 1746 179 1755 ·
255 1713 401 1780 supersunt
419 1726 498 1765 uoces
516 1726 590 1780 spes
609 1709 719 1765 acutis
744 1709 814 1778 [siue
832 1727 888 1779 spe
906 1708 1048 1778 acutae].
1085 1707 1308 1778 Spaldingius
1327 1725 1391 1764 om·

161 1802 256 1877 ¹nium
280 1818 355 1871 spes
378 1799 534 1869 eproximo
557 1799 703 1855 enuntiato
729 1799 799 1855 falso
817 1800 871 1854 huc
898 1798 1018 1870 delapsa,
1051 1798 1161 1855 acutis
1184 1816 1196 1852 s
1223 1799 1345 1853 acutae
1362 1797 1393 1853 iu

166 1891 305 1947 Atticae
333 1893 392 1945 aut
423 1890 540 1946 auitae
567 1889 732 1945 mutandum
756 1907 812 1945 esse
836 1889 950 1944 censuit.
987 1888 1076 1944 fateor
1102 1888 1210 1943 nullam
1232 1903 1276 1942 me
1299 1886 1393 1942 uidere

165 1980 242 2035 uiam
270 1998 326 2049 qua
348 1997 453 2049 sperem
480 1996 525 2034 me
548 1996 755 2050 progressurum
778 1979 814 2035 ad
837 1980 905 2034 haec
927 1978 1058 2035 sananda.
1095 1978 1169 2033 inter
1187 1994 1280 2033 omnes
1298 1979 1393 2033 autem

166 2088 235 2140 quas
253 2069 377 2124 homines
396 2069 469 2124 docti
488 2069 663 2138 protulerunt
687 2069 857 2124 coniecturas
880 2068 1102 2140 ingeniosissima
1121 2070 1163 2122 est
1181 2065 1345 2123 Guilelmi
1364 2069 1393 2122 et

166 2160 304 2225 Mureti,
328 2160 376 2229 qui
399 2177 455 2229 spe
479 2177 516 2215 ac
538 2159 631 2214 uotis
654 2159 712 2229 legi
735 2159 891 2214 uoluerunt.
927 2158 1023 2228 itaque
1046 2158 1131 2213 donec
1151 2157 1252 2213 melius
1274 2156 1329 2213 erit
1351 2156 1391 2212 in·

166 2253 290 2315 uentum,
310 2266 405 2304 censeo
424 2249 514 2304 locum
532 2248 572 2303 sic
589 2265 646 2303 esse
664 2248 825 2318 legendum:

255 2342 284 2394 te
302 2341 445 2401 <non>
464 2341 544 2393 teneo
559 2336 695 2392 consulari
713 2354 801 2407 nuper
818 2336 965 2407 adoptione
984 2336 1020 2392 ad
1038 2336 1162 2392 omniurn
1180 2353 1240 2407 spes
1257 2337 1392 2392 honorum

167 2428 385 2498 <propius>
408 2428 550 2483 admotum
552 2465 664 2492 .....
684 2429 713 2481 te
737 2425 861 2481 omnium
885 2430 981 2495 <spe
1004 2425 1194 2488 acuetis>
1217 2426 1392 2494 eloquentiae

166 2517 353 2582 candidatum,
378 2518 513 2586 superstes
535 2533 633 2586 parens
655 2519 768 2571 tentum
795 2515 831 2571 ad
856 2532 966 2586 poenas.
1003 2513 1138 2579 <sed>
1164 2515 1188 2569 si
1215 2532 1270 2571 non
1293 2514 1392 2585 cupido

166 2607 244 2673 lucis,
264 2609 337 2661 certe
359 2605 498 2676 patientia
517 2605 640 2662 uindicet
659 2609 787 2668 <me>
805 2605 1012 2675 reliqua<e>
1030 2608 1191 2669 mea<e>
1210 2604 1391 2669 aetat<i>.
