3128 4942
603 577 1026 685 PRAEFATIO.

743 691 868 784 11Μ

286 851 576 978 Quintilianus,
614 876 698 942 dum
736 881 845 941 erunt
880 877 1055 944 homines
1091 879 1296 944 memoriae
1332 879 1428 945 bene

202 990 421 1061 rnoritorum
473 983 623 1050 litteris
675 983 972 1050 conseruandae
1029 984 1211 1069 studiosi,
1260 985 1428 1067 legetur,

202 1093 451 1176 tractabitur,
481 1087 674 1156 amabitur
702 1090 747 1155 ab
772 1089 820 1156 iis
849 1090 949 1175 ipsis
974 1091 1037 1174 qui
1065 1091 1237 1158 scribere
1266 1091 1428 1176 aliquid,

201 1199 299 1289 qrrod
332 1205 503 1266 11111111
535 1197 652 1281 ferat,
684 1197 826 1262 uolent.
876 1196 922 1262 ita
950 1198 967 1261 Ι
994 1199 1027 1262 Μ
1056 1199 1250 1265 Gesnerus
1278 1198 1311 1262 in
1339 1197 1428 1263 dedi-

200 1307 328 1377 catione
374 1304 418 1371 ad
458 1303 787 1369 Muenchhausenium
831 1304 951 1389 scripta
998 1311 1030 1370 et
1072 1304 1253 1390 praemissa
1294 1303 1429 1369 editioni

200 1411 430 1482 institutionis:
455 1430 538 1493 quae
556 1408 678 1494 prodiit
698 1408 873 1492 Gottingae
890 1430 973 1475 anno
992 1414 1086 1477 1738.
1133 1418 1164 1476 et
1187 1418 1274 1477 recte
1298 1411 1428 1494 quidem

200 1520 307 1588 clarus
331 1518 386 1582 ille
411 1517 543 1584 scholae
566 1522 697 1582 nostrae
712 1515 908 1602 philologae‚
932 1538 1016 1601 quae
1039 1539 1104 1583 111
1128 1539 1199 1583 cum
1215 1517 1309 1583 Alma
1323 1519 1428 1583 Matre

201 1625 371 1710 Georgia
403 1623 580 1707 Augusta
618 1623 813 1689 tricesimum
850 1623 939 1689 uitae
975 1624 1110 1690 lustrum
1146 1645 1220 1689 mox
1256 1625 1428 1710 peregerit,

200 1731 347 1799 conditor
379 1738 410 1796 et
443 1730 537 1814 quasi
570 1729 745 1816 ἀρχηγέτης.
802 1729 937 1794 multum
969 1750 1048 1796 sane
1079 1730 1200 1796 laboris
1229 1751 1268 1795 ac
1301 1731 1428 1798 sudoris

201 1838 347 1905 homines
371 1837 458 1902 docti
481 1838 732 1921 imsumpserunt
755 1837 788 1900 in
810 1836 904 1901 Fabii
928 1836 1164 1924 Institutione*)
1191 1844 1222 1902 et
1247 1838 1428 1904 enarranda

201 1953 233 2013 11
262 1944 473 2012 emendanda.
518 1943 639 2008 nemini
671 1949 788 2027 tamen,
821 1950 973 2025 quantum
1003 1944 1079 2029 scio,
1112 1944 1145 2009 in
1173 1952 1312 2011 mentem
1340 1946 1429 2010 uenit

200 2052 362 2135 inquirere
386 2051 419 2115 in
442 2051 557 2114 librum
582 2070 654 2115 eum
677 2070 771 2133 quem
795 2049 949 2135 temporis
972 2050 1141 2134 iniquitate
1165 2053 1258 2119 nobis
1283 2058 1427 2136 ereptum

201 2179 275 2225 esse
303 2177 413 2223 omnes
442 2157 554 2239 lugent
583 2156 763 2239 quicunque
790 2157 823 2221 in
851 2157 1032 2223 rhetoricae
1062 2159 1141 2224 artis
1168 2159 1355 2224 memoriam
1381 2159 1427 2223 in·

201 2265 388 2348 dagandam
415 2264 609 2329 incumbunt.
669 2264 750 2328 liber
779 2264 864 2330 enim
895 2285 990 2347 quem
1017 2265 1137 2330 Fabius
1171 2265 1350 2350 composuit
1382 2265 1428 2331 de

201 2371 331 2438 causis
361 2378 565 2456 corruptae
594 2370 847 2453 eloquentiae
876 2371 903 2437 si
932 2371 1025 2438 nobis
1059 2378 1146 2438 esset
1175 2380 1331 2453 seruatus,
1363 2393 1428 2437 non

201 2478 293 2544 futile
318 2484 405 2544 esset
429 2477 658 2542 adminiculum
683 2478 856 2542 oratoriam
877 2485 978 2542 artem
999 2499 1082 2560 quae
1097 2480 1219 2543 Romae
1243 2478 1303 2543 fuit
1325 2479 1427 2563 primo

200 2593 275 2669 post
308 2585 468 2650 Christum
503 2584 633 2648 saeculo
670 2584 956 2668 perscrutantibus.
1016 2585 1230 2669 opinabantur
1267 2583 1429 2666 quondam

201 2691 304 2756 teneri
328 2711 348 2755 a
371 2689 465 2756 nobis
488 2689 578 2754 illum
602 2689 731 2754 librum:
755 2689 930 2773 Dialogum
955 2691 1039 2756 enim
1054 2691 1160 2757 Taciti
1183 2711 1241 2777 pro
1261 2711 1299 2756 eo
1318 2688 1428 2755 uendi-

200 2800 329 2863 tabant:
355 2797 414 2864 sed
437 2797 644 2862 uehementer
668 2805 863 2862 erraucrunt.
900 2798 1011 2881 itaque
1034 2799 1067 2863 in
1091 2798 1211 2865 scholis
1236 2796 1444 2882 quibusdam.

201 2925 265 2970 non
289 2905 401 2969 inutile
424 2902 493 2968 fore
516 2905 638 2968 monuit
667 2903 873 2970 Udalricus
898 2904 942 2969 de
965 2905 1430 2970 Wilamowitz-Moellen-

202 3010 319 3095 doris,
362 3013 389 3078 si
432 3011 504 3094 quis
545 3011 661 3075 librum
703 3010 797 3094 quasi
834 3017 993 3076 mortuum
1032 3011 1268 3094 quodammodo
1306 3013 1347 3077 ab
1384 3011 1430 3077 in·

204 3117 282 3183 feris
306 3123 516 3183 reuocaturus
541 3123 628 3182 esset
651 3117 695 3182 ad
718 3117 831 3184 lucem.
878 3117 964 3201 quod
995 3138 1055 3201 ego
1083 3138 1199 3184 munus
1227 3103 1272 3182 in'
1287 3138 1338 3183 me
1362 3138 1431 3184 sus·

209 3225 279 3309 cepi
317 3225 373 3289 illo
412 3223 620 3288 adhortante:
663 3223 805 3289 functum
839 3245 876 3291 11
909 3244 960 3289 me
993 3245 1066 3291 esse
1097 3224 1154 3289 illo
1191 3224 1369 3291 adiuuante
1402 3232 1434 3290 et

208 3331 397 3397 moderante
422 3337 514 3414 grato
540 3330 646 3396 animo
669 3331 830 3416 profiteor.
874 3331 961 3414 quod
984 3331 1013 3398 si
1036 3331 1091 3415 qui
1115 3351 1234 3416 operae
1256 3354 1349 3400 meae
1373 3334 1434 3399 erit

207 3437 344 3523 fructus,
377 3437 516 3523 plurima
545 3457 585 3502 ex
612 3444 706 3522 parte
734 3438 781 3502 illi
809 3437 1013 3523 praeceptori
1040 3458 1111 3503 meo
1141 3439 1373 3524 benignissimo
1402 3446 1434 3507 et

209 3564 270 3627 ego
295 3544 398 3610 debeo
423 3550 455 3608 et
479 3543 641 3610 debebunt
665 3544 719 3628 qui
742 3544 824 3610 haec
846 3544 993 3627 legerint.

296 3721 323 3790 ³¹⁸)
342 3722 371 3776 cf
381 3722 577 3776 Mommseni
595 3722 625 3776 in
640 3723 696 3776 HR
713 3723 794 3776 uolV
807 3722 940 3776 iudicium
954 3723 1027 3791 quod
1040 3724 1144 3793 profert
1157 3742 1176 3793 p
1191 3725 1224 3778 ’10
1239 3725 1312 3778 hisce
1331 3722 1433 3776 uerbis:

219 3853 224 3865 .
248 3810 297 3865 die
317 3812 395 3865 Perle
420 3811 469 3864 der
493 3811 827 3879 spanisch·lateinischen
849 3812 1073 3866 Schriftstellerei
1096 3813 1134 3867 ist
1152 3813 1182 3866 M
1200 3812 1221 3864 F
1241 3811 1263 3876 Q
1287 3810 1433 3866 1110111·

201 3902 291 3970 gomis
310 3919 356 3955 cm
374 3902 455 3954 Ebro.
493 3941 499 3954 .
519 3940 526 3955 .
549 3939 556 3954 .
576 3943 581 3955 .
602 3901 667 3956 Scin
685 3901 828 3956 Lehrbuch
847 3903 895 3956 der
913 3901 1048 3956 Rhetorilr
1068 3942 1074 3955 .
1094 3938 1101 3954 .
1121 3943 1127 3955 .
1148 3940 1154 3953 .
1174 3899 1211 3954 ist
1229 3899 1290 3955 eine
1309 3900 1357 3954 der
1374 3918 1433 3954 vor·

201 3991 373 4060 ziiglichsten
388 3989 534 4055 Schriften,
554 3989 598 4044 die
617 3990 667 4043 wir
686 4007 734 4044 111
753 3990 816 4044 dem
830 3991 986 4045 Altertume
1004 3990 1124 4044 besitzen
1144 4028 1150 4043 .
1171 4027 1177 4041 .
1197 4031 1203 4043 .
1223 4030 1230 4043 .
1249 3988 1280 4041 in
1295 3989 1432 4044 scharfem

202 4081 259 4133 und
276 4081 441 4134 bewnsstem
460 4080 614 4151 Gegensatz
637 4099 670 4134 uu
688 4081 736 4134 der
754 4080 982 4150 phrasenreichen
1001 4080 1058 4134 und
1081 4079 1321 4150 gedankcnleeren
1338 4079 1429 4134 Mode-

202 4167 346 4223 litteratur
364 4185 420 4236 eqs.

659 4313 978 4324 *—
