3128 4942
804 233 825 298 9

203 425 325 512 (Berlin
350 424 449 514 1865)
473 448 494 512 p
518 429 590 511 109,
613 427 667 493 ubi
691 426 732 492 de
755 427 901 494 thesibus
926 448 1010 512 quae
1034 448 1105 494 oum
1128 428 1209 494 locis
1234 429 1426 511 cognatione

204 533 394 599 coniunctae
418 539 501 617 sunt,
526 553 632 619 pauca
654 532 784 619 profert.

201 629 213 650 ⁸
291 637 325 727 3)
358 639 455 706 Liber
487 647 622 706 octauus
654 647 740 707 totus
774 648 824 707 est
856 641 901 706 de
934 641 1168 725 elocutione,
1206 642 1296 706 ouius
1328 660 1425 705 unam

201 746 352 812 uirtutem
385 766 458 813 esse
494 754 604 813 censet
636 746 863 832 Quintilianus,
900 748 986 832 quod
1024 748 1230 834 perspicua
1268 753 1350 832 (cap.
1380 745 1425 833 2),

202 855 346 938 alteram,
371 854 456 937 quod
479 861 616 919 ornata
645 854 688 920 sit
715 853 800 941 (cap.
825 859 866 933 3).
914 863 1045 921 ornatus
1074 862 1201 922 constat
1229 862 1260 919 et
1288 855 1426 937 singulis

203 961 310 1026 uerbis
335 959 377 1046 (3,
404 960 457 1048 15)
482 968 514 1027 et
537 982 684 1028 sermone
708 964 876 1028 coniuncto
901 962 945 1050 (3,
961 963 1029 1051 40).
1086 963 1128 1028 (1θ
1160 983 1222 1047 quo
1252 969 1426 1045 antequam

203 1088 262 1133 sua
294 1066 349 1133 det
375 1075 564 1154 praecepta,
597 1069 811 1156 demonstrat,
844 1091 928 1154 quae
956 1071 990 1135 in
1018 1091 1056 1137 eo
1081 1070 1216 1136 uitanda
1245 1071 1308 1136 sint
1335 1070 1425 1136 uitia.

202 1195 242 1240 ex
265 1175 315 1241 his
338 1196 435 1241 unum
459 1185 509 1242 est
531 1180 708 1264 κακόζηλον,
741 1177 782 1243 de
815 1198 877 1262 quo
906 1179 975 1262 agit
1002 1179 1219 1264 paragraphis
1246 1199 1267 1243 a
1293 1199 1344 1245 me
1373 1199 1425 1244 ex-

202 1282 345 1369 scriptis:
379 1283 466 1367 quod
494 1283 631 1369 quidem
664 1294 699 1350 ut
726 1285 771 1351 ibi
799 1287 853 1370 ait,
887 1286 1026 1351 omniurn
1055 1292 1105 1352 est
1133 1285 1317 1372 pessimum,
1350 1285 1427 1368 quia

201 1395 309 1455 cetera
340 1391 421 1456 uitia
453 1412 567 1477 parum
598 1393 749 1478 nitantur,
781 1393 843 1459 hoc
874 1394 957 1459 ultro
990 1394 1118 1479 petitur.
1165 1393 1206 1459 de
1238 1393 1299 1459 hoo
1327 1393 1430 1476 igitur

200 1497 279 1563 uitio
306 1498 339 1563 in
369 1500 450 1563 libro
478 1498 520 1565 de
548 1500 657 1565 causis
685 1500 812 1585 plenius
837 1521 872 1566 se
897 1500 1087 1585 exposuisse
1115 1500 1202 1567 dicit.
1247 1500 1333 1566 unde
1357 1499 1426 1566 effi-

201 1605 282 1670 citur
312 1605 358 1670 ihi
388 1611 537 1670 naturam
569 1609 741 1692 κακοζήλοθ
771 1607 813 1672 ab
846 1627 884 1672 ec
917 1628 991 1676 esse
1019 1608 1227 1692 explicatam:
1265 1608 1298 1672 in
1330 1627 1426 1690 quarn

201 1711 459 1794 cognoscendam
482 1713 580 1797 paulo
603 1721 678 1798 post
693 1714 833 1779 animum
852 1722 1085 1781 concertamus.
1117 1715 1244 1781 interim
1258 1722 1426 1780 teneamus

201 1818 233 1883 in
257 1818 481 1884 elocutione
505 1820 592 1886 illius
616 1821 686 1885 uitii
711 1820 821 1887 sedem
845 1842 926 1887 esse.

288 1924 323 2012 4)
356 1927 433 1991 VIlI
461 1946 485 1992 c.
512 1931 531 1992 6
565 1929 624 1993 sub
652 1927 748 1994 finem
776 1927 995 2005 Quintilianus
1027 1928 1267 2014 hyperbolen
1299 1934 1425 1993 tractat.

199 2040 315 2117 monet,
348 2053 388 2098 ne
420 2034 502 2099 haec
530 2032 635 2118 figura
667 2056 765 2121 supra
793 2036 912 2103 iustum
941 2036 1071 2101 modurn
1099 2036 1244 2101 tollatur:
1282 2056 1356 2099 nam
1379 2035 1426 2099 ita

198 2140 337 2205 maxime
360 2141 503 2207 aberrari
527 2142 560 2206 in
583 2145 773 2228 κακοζηλίαν.
810 2143 997 2209 adcuratius
1012 2143 1053 2210 de
1073 2142 1250 2228 hyperbole
1266 2161 1426 2227 exponere

198 2248 318 2313 nonin
342 2248 448 2312 animo
473 2256 532 2333 est,
560 2249 636 2332 quia
664 2249 729 2313 iam
757 2247 861 2316 fusius
885 2250 1071 2335 exposuerit
1094 2250 1135 2316 de
1159 2271 1199 2315 ea
1222 2250 1256 2314 in
1279 2249 1360 2314 libro
1384 2247 1425 2313 de

200 2375 261 2438 quo
295 2356 487 2440 quaerimus.
543 2356 583 2422 de
619 2355 796 2441 hyperbole
832 2357 932 2440 igitur
971 2377 1074 2422 sermo
1108 2356 1168 2421 fuit
1200 2357 1233 2421 in
1265 2357 1330 2422 illo.
1386 2377 1424 2422 ex

198 2462 359 2528 mentione
392 2469 500 2529 autem
532 2463 716 2529 cacozeliae
752 2464 905 2547 colligere
942 2464 1018 2529 licet
1055 2464 1302 2550 expositionem,
1342 2483 1425 2546 quae

200 2569 295 2634 fuerit
323 2569 364 2636 de
397 2569 502 2654 figura
538 2591 609 2636 cum
638 2591 678 2636 ea
705 2591 789 2654 quae
817 2570 912 2637 fuerit
939 2570 981 2636 de
1008 2574 1168 2659 κακοζήλῳ
1201 2570 1298 2637 simili
1330 2568 1425 2634 modo

200 2676 387 2743 cohaesisse
411 2677 444 2741 in
468 2676 523 2741 illo
546 2677 628 2743 libro
653 2698 692 2743 ao
715 2686 824 2744 nostro
846 2679 932 2744 loco:
957 2678 998 2744 de
1023 2699 1087 2761 qua
1109 2699 1144 2744 re
1168 2679 1245 2744 item
1268 2683 1342 2762 post
1365 2677 1425 2742 erit

197 2783 382 2850 uidendum.

286 2891 335 2955 Ex
358 2891 439 2958 locis
463 2912 544 2976 quos
567 2893 689 2959 Fabius
714 2913 731 2958 e
755 2892 876 2958 minore
901 2912 997 2977 opere
1022 2891 1210 2977 desumptos
1233 2891 1369 2958 inseruit
1391 2890 1424 2954 in

197 2998 303 3064 maius
327 3006 464 3083 apparet
487 2999 520 3064 in
543 2999 599 3064 illo
622 2999 704 3064 haec
727 2999 876 3065 infuisse:

290 3105 321 3190 l)
347 3106 505 3192 Corrupta
529 3107 713 3190 eloquentia
736 3112 852 3192 peccat
866 3126 904 3172 eo
929 3106 1014 3190 quod
1038 3127 1099 3172 res
1122 3101 1292 3172 nonsatis
1315 3105 1425 3189 magni

198 3213 357 3279 aestimat.

287 3319 321 3406 2)
359 3320 586 3405 Corruptorum
623 3321 762 3386 elocutio
800 3320 993 3404 grauissimo
1030 3321 1158 3387 laborat
1199 3321 1278 3385 uitio
1316 3343 1424 3386 κακο-

196 3430 312 3513 ζήλου.
395 3436 398 3437 ’

287 3533 321 3620 3)
351 3535 529 3620 Corruptae
558 3534 762 3618 eloquentiae
791 3555 910 3600 causa
937 3535 1032 3600 ineo
1057 3534 1309 3617 collocataest‚
1338 3534 1423 3618 quod

198 3642 295 3708 artis
323 3642 519 3707 oratoriae
547 3642 726 3725 magistri
754 3642 975 3728 discipulos
1003 3662 1066 3706 non
1096 3641 1336 3726 addocemus,
1365 3640 1423 3707 sed

197 3749 244 3814 ad
268 3749 527 3816 delectandos
550 3749 701 3816 iudices
724 3757 930 3836 praeparant.

284 3858 355 3923 Huc
383 3857 518 3942 accedit,
550 3857 584 3923 id
612 3857 698 3941 quod
721 3857 832 3942 pusilli
854 3857 1006 3923 momenti
1030 3863 1088 3940 est,
1121 3855 1206 3939 quod
1236 3856 1354 3920 mentio
1387 3854 1423 3920 fit

195 3963 353 4030 Demetrii
376 3965 526 4030 Phalerei
549 3965 583 4029 in
606 3965 758 4048 origine
782 3964 1079 4031 declamationis
1104 3962 1306 4048 explicanda.

284 4071 395 4137 Pauca
423 4073 529 4157 nobis
544 4079 716 4157 supersunt
746 4091 786 4136 ex
818 4072 899 4138 libro
929 4092 1023 4155 quem
1051 4070 1182 4155 scripsit
1204 4068 1422 4146 Quintilianus

196 4176 242 4242 de
267 4178 398 4245 causis
422 4187 631 4265 corruptae
655 4179 912 4262 eloquentiae.
950 4184 1047 4262 atque
1071 4199 1142 4244 cum
1165 4184 1294 4263 praeter
1316 4176 1422 4261 ipsum

196 4304 289 4349 nemo
320 4285 404 4350 hunc
435 4286 551 4351 librum
584 4286 881 4351 commemorauerit
913 4286 1128 4352 Institutionis
1162 4283 1264 4367 gloria
1292 4283 1422 4369 penitus

196 4394 415 4478 obscuratum,
443 4392 531 4458 nullo
555 4393 650 4458 modo
674 4393 744 4460 fieri
767 4399 875 4478 potest
897 4400 932 4459 ut
956 4393 998 4459 de
1022 4394 1091 4458 eius
1115 4397 1304 4474 argumento
1328 4391 1422 4476 plura

196 4499 337 4566 sciamus
357 4522 452 4586 quarn
474 4520 513 4565 ea
528 4521 612 4585 quae
627 4508 783 4585 congesta
798 4500 1009 4586 explicaham.
1042 4498 1101 4567 sed
1120 4498 1177 4563 illa
1193 4517 1276 4582 quae
1291 4498 1422 4564 tulerint
