<?xml version="1.0" encoding="UTF-8"?>
<!DOCTYPE html PUBLIC "-//W3C//DTD XHTML 1.0 Transitional//EN"
    "http://www.w3.org/TR/xhtml1/DTD/xhtml1-transitional.dtd">
<html xmlns="http://www.w3.org/1999/xhtml" xml:lang="en" lang="en">
 <head>
  <title>
</title>
<meta http-equiv="Content-Type" content="text/html;charset=utf-8" />
  <meta name='ocr-system' content='tesseract 3.04.00' />
  <meta name='ocr-capabilities' content='ocr_page ocr_carea ocr_par ocr_line ocrx_word'/>
</head>
<body>
  <div class='ocr_page' id='page_1' title='image "./dequintilianili00reutgoog_0061.png"; bbox 0 0 3128 4942; ppageno 0'>
   <div class='ocr_carea' id='block_1_1' title="bbox 764 239 810 317">
    <p class='ocr_par' dir='ltr' id='par_1_1' title="bbox 764 239 810 317">
     <span class='ocr_line' id='line_1_1' title="bbox 764 239 810 317; baseline 0 0"><span class='ocrx_word' id='word_1_1' title='bbox 764 239 810 317; x_wconf 75' lang='lat'><strong>50</strong></span> 
     </span>
    </p>
   </div>
   <div class='ocr_carea' id='block_1_2' title="bbox 172 435 1404 1498">
    <p class='ocr_par' dir='ltr' id='par_1_2' title="bbox 172 435 1404 1498">
     <span class='ocr_line' id='line_1_2' title="bbox 176 435 1403 533; baseline -0.002 -20"><span class='ocrx_word' id='word_1_2' title='bbox 176 456 218 514; x_wconf 84' lang='lat' dir='ltr'><strong>nc</strong></span> <span class='ocrx_word' id='word_1_3' title='bbox 240 435 396 533; x_wconf 85' lang='lat' dir='ltr'><strong>principis</strong></span> <span class='ocrx_word' id='word_1_4' title='bbox 419 445 562 512; x_wconf 87' lang='lat' dir='ltr'><strong>animum</strong></span> <span class='ocrx_word' id='word_1_5' title='bbox 585 466 606 512; x_wconf 90' lang='lat' dir='ltr'><strong>a</strong></span> <span class='ocrx_word' id='word_1_6' title='bbox 629 465 665 513; x_wconf 90' lang='lat' dir='ltr'><strong>se</strong></span> <span class='ocrx_word' id='word_1_7' title='bbox 688 452 850 512; x_wconf 88' lang='lat' dir='ltr'><strong>auerteret</strong></span> <span class='ocrx_word' id='word_1_8' title='bbox 871 445 934 513; x_wconf 92' lang='lat' dir='ltr'><strong>huc</strong></span> <span class='ocrx_word' id='word_1_9' title='bbox 956 447 1033 514; x_wconf 92' lang='lat' dir='ltr'><strong>illuc</strong></span> <span class='ocrx_word' id='word_1_10' title='bbox 1052 441 1294 531; x_wconf 82' lang='lat' dir='ltr'><strong>obimgationes</strong></span> <span class='ocrx_word' id='word_1_11' title='bbox 1316 440 1403 512; x_wconf 91' lang='lat' dir='ltr'><strong>libro</strong></span> 
     </span>
     <span class='ocr_line' id='line_1_3' title="bbox 174 551 1404 641; baseline -0.001 -22"><span class='ocrx_word' id='word_1_12' title='bbox 174 554 328 641; x_wconf 79' lang='lat' dir='ltr'>inspersit</span> <span class='ocrx_word' id='word_1_13' title='bbox 353 553 515 638; x_wconf 78' lang='lat' dir='ltr'><strong>laudibus,</strong></span> <span class='ocrx_word' id='word_1_14' title='bbox 545 552 655 638; x_wconf 90' lang='lat' dir='ltr'><strong>quoad</strong></span> <span class='ocrx_word' id='word_1_15' title='bbox 686 553 758 619; x_wconf 88' lang='lat' dir='ltr'><strong>fieri</strong></span> <span class='ocrx_word' id='word_1_16' title='bbox 785 554 900 640; x_wconf 88' lang='lat' dir='ltr'><strong>potnit,</strong></span> <span class='ocrx_word' id='word_1_17' title='bbox 933 555 1111 622; x_wconf 78' lang='lat' dir='ltr'><strong>exstinctis.</strong></span> <span class='ocrx_word' id='word_1_18' title='bbox 1164 575 1238 621; x_wconf 88' lang='lat' dir='ltr'><strong>mea</strong></span> <span class='ocrx_word' id='word_1_19' title='bbox 1270 551 1404 637; x_wconf 89' lang='lat' dir='ltr'><strong>quidem</strong></span> 
     </span>
     <span class='ocr_line' id='line_1_4' title="bbox 174 659 1403 747; baseline -0.002 -20"><span class='ocrx_word' id='word_1_20' title='bbox 174 661 284 747; x_wconf 90' lang='lat' dir='ltr'><strong>opinio</strong></span> <span class='ocrx_word' id='word_1_21' title='bbox 316 660 451 728; x_wconf 87' lang='lat' dir='ltr'><strong>inclinat</strong></span> <span class='ocrx_word' id='word_1_22' title='bbox 479 659 620 726; x_wconf 90' lang='lat' dir='ltr'><strong>adeam</strong></span> <span class='ocrx_word' id='word_1_23' title='bbox 652 661 870 727; x_wconf 88' lang='lat' dir='ltr'><strong>coniecturam</strong></span> <span class='ocrx_word' id='word_1_24' title='bbox 902 682 999 746; x_wconf 90' lang='lat' dir='ltr'><strong>qnam</strong></span> <span class='ocrx_word' id='word_1_25' title='bbox 1028 662 1137 747; x_wconf 92' lang='lat' dir='ltr'><strong>priore</strong></span> <span class='ocrx_word' id='word_1_26' title='bbox 1169 662 1240 727; x_wconf 94' lang='lat' dir='ltr'><strong>loco</strong></span> <span class='ocrx_word' id='word_1_27' title='bbox 1270 660 1403 746; x_wconf 77' lang='lat' dir='ltr'><strong>protuli</strong></span> 
     </span>
     <span class='ocr_line' id='line_1_5' title="bbox 173 767 1402 855; baseline -0.002 -21"><span class='ocrx_word' id='word_1_28' title='bbox 173 789 248 834; x_wconf 88' lang='lat' dir='ltr'><strong>uam</strong></span> <span class='ocrx_word' id='word_1_29' title='bbox 271 769 300 837; x_wconf 93' lang='lat' dir='ltr'><strong>si</strong></span> <span class='ocrx_word' id='word_1_30' title='bbox 323 776 411 854; x_wconf 91' lang='lat' dir='ltr'><strong>post</strong></span> <span class='ocrx_word' id='word_1_31' title='bbox 434 767 575 835; x_wconf 87' lang='lat' dir='ltr'><strong>edictum</strong></span> <span class='ocrx_word' id='word_1_32' title='bbox 590 768 741 836; x_wconf 77' lang='lat' dir='ltr'><strong>Caesaris</strong></span> <span class='ocrx_word' id='word_1_33' title='bbox 754 768 1020 855; x_wconf 88' lang='lat' dir='ltr'><strong>pbilosophorum</strong></span> <span class='ocrx_word' id='word_1_34' title='bbox 1039 768 1293 855; x_wconf 89' lang='lat' dir='ltr'><strong>uituperationes</strong></span> <span class='ocrx_word' id='word_1_35' title='bbox 1307 767 1402 832; x_wconf 86' lang='lat' dir='ltr'><strong>addi-</strong></span> 
     </span>
     <span class='ocr_line' id='line_1_6' title="bbox 173 875 1402 962; baseline -0.001 -20"><span class='ocrx_word' id='word_1_36' title='bbox 173 875 286 961; x_wconf 88' lang='lat' dir='ltr'><strong>disset,</strong></span> <span class='ocrx_word' id='word_1_37' title='bbox 304 875 444 943; x_wconf 79' lang='lat' dir='ltr'><strong>futurum</strong></span> <span class='ocrx_word' id='word_1_38' title='bbox 459 875 561 942; x_wconf 82' lang='lat' dir='ltr'><strong>fnisse</strong></span> <span class='ocrx_word' id='word_1_39' title='bbox 574 876 764 962; x_wconf 86' lang='lat' dir='ltr'><strong>putauerim,</strong></span> <span class='ocrx_word' id='word_1_40' title='bbox 783 883 819 942; x_wconf 94' lang='lat' dir='ltr'><strong>nt</strong></span> <span class='ocrx_word' id='word_1_41' title='bbox 831 896 950 960; x_wconf 84' lang='lat' dir='ltr'><strong>magno</strong></span> <span class='ocrx_word' id='word_1_42' title='bbox 972 876 1113 941; x_wconf 87' lang='lat' dir='ltr'><strong>clamore</strong></span> <span class='ocrx_word' id='word_1_43' title='bbox 1128 884 1162 942; x_wconf 90' lang='lat' dir='ltr'><strong>et</strong></span> <span class='ocrx_word' id='word_1_44' title='bbox 1175 875 1402 960; x_wconf 81' lang='lat' dir='ltr'><strong>indignatione</strong></span> 
     </span>
     <span class='ocr_line' id='line_1_7' title="bbox 173 982 1403 1069; baseline 0.001 -21"><span class='ocrx_word' id='word_1_45' title='bbox 173 984 369 1068; x_wconf 81' lang='lat' dir='ltr'><strong>grauissima</strong></span> <span class='ocrx_word' id='word_1_46' title='bbox 391 984 426 1049; x_wconf 90' lang='lat' dir='ltr'><strong>in</strong></span> <span class='ocrx_word' id='word_1_47' title='bbox 447 983 583 1051; x_wconf 90' lang='lat' dir='ltr'><strong>miseros</strong></span> <span class='ocrx_word' id='word_1_48' title='bbox 595 984 670 1051; x_wconf 93' lang='lat' dir='ltr'><strong>illos</strong></span> <span class='ocrx_word' id='word_1_49' title='bbox 694 983 876 1069; x_wconf 86' lang='lat' dir='ltr'><strong>sapientiae</strong></span> <span class='ocrx_word' id='word_1_50' title='bbox 900 982 1065 1050; x_wconf 90' lang='lat' dir='ltr'><strong>studiosos</strong></span> <span class='ocrx_word' id='word_1_51' title='bbox 1078 983 1291 1050; x_wconf 89' lang='lat' dir='ltr'><strong>inueheretm.</strong></span> <span class='ocrx_word' id='word_1_52' title='bbox 1328 989 1403 1049; x_wconf 94' lang='lat' dir='ltr'><strong>ntnt</strong></span> 
     </span>
     <span class='ocr_line' id='line_1_8' title="bbox 172 1090 1402 1177; baseline 0 -20"><span class='ocrx_word' id='word_1_53' title='bbox 172 1090 255 1157; x_wconf 89' lang='lat' dir='ltr'><strong>baec</strong></span> <span class='ocrx_word' id='word_1_54' title='bbox 282 1111 320 1158; x_wconf 89' lang='lat' dir='ltr'><strong>sc</strong></span> <span class='ocrx_word' id='word_1_55' title='bbox 341 1090 470 1176; x_wconf 89' lang='lat' dir='ltr'><strong>babent,</strong></span> <span class='ocrx_word' id='word_1_56' title='bbox 499 1112 540 1158; x_wconf 82' lang='lat' dir='ltr'><strong>ex</strong></span> <span class='ocrx_word' id='word_1_57' title='bbox 566 1090 688 1157; x_wconf 89' lang='lat' dir='ltr'><strong>iudicio</strong></span> <span class='ocrx_word' id='word_1_58' title='bbox 716 1091 803 1175; x_wconf 91' lang='lat' dir='ltr'><strong>quod</strong></span> <span class='ocrx_word' id='word_1_59' title='bbox 832 1090 875 1158; x_wconf 93' lang='lat' dir='ltr'><strong>de</strong></span> <span class='ocrx_word' id='word_1_60' title='bbox 901 1091 1106 1177; x_wconf 87' lang='lat' dir='ltr'><strong>philosophis</strong></span> <span class='ocrx_word' id='word_1_61' title='bbox 1132 1091 1256 1176; x_wconf 82' lang='lat' dir='ltr'>profert</span> <span class='ocrx_word' id='word_1_62' title='bbox 1276 1090 1402 1157; x_wconf 83' lang='lat' dir='ltr'><strong>Fabius</strong></span> 
     </span>
     <span class='ocr_line' id='line_1_9' title="bbox 172 1197 1403 1284; baseline 0.002 -21"><span class='ocrx_word' id='word_1_63' title='bbox 172 1204 208 1263; x_wconf 93' lang='lat' dir='ltr'><strong>nt</strong></span> <span class='ocrx_word' id='word_1_64' title='bbox 230 1197 273 1264; x_wconf 94' lang='lat' dir='ltr'><strong>de</strong></span> <span class='ocrx_word' id='word_1_65' title='bbox 295 1218 380 1264; x_wconf 90' lang='lat' dir='ltr'><strong>anno</strong></span> <span class='ocrx_word' id='word_1_66' title='bbox 403 1198 513 1265; x_wconf 91' lang='lat' dir='ltr'><strong>editae</strong></span> <span class='ocrx_word' id='word_1_67' title='bbox 535 1198 751 1265; x_wconf 86' lang='lat' dir='ltr'><strong>Institutionis</strong></span> <span class='ocrx_word' id='word_1_68' title='bbox 773 1199 854 1263; x_wconf 91' lang='lat' dir='ltr'><strong>nihil</strong></span> <span class='ocrx_word' id='word_1_69' title='bbox 875 1205 985 1284; x_wconf 88' lang='lat' dir='ltr'><strong>potest</strong></span> <span class='ocrx_word' id='word_1_70' title='bbox 1007 1198 1119 1283; x_wconf 76' lang='lat' dir='ltr'><strong>colligi</strong></span> <span class='ocrx_word' id='word_1_71' title='bbox 1132 1199 1220 1284; x_wconf 84' lang='lat' dir='ltr'><strong>certi,</strong></span> <span class='ocrx_word' id='word_1_72' title='bbox 1243 1199 1292 1264; x_wconf 87' lang='lat' dir='ltr'><strong>ita</strong></span> <span class='ocrx_word' id='word_1_73' title='bbox 1314 1219 1403 1283; x_wconf 88' lang='lat' dir='ltr'><strong>quac</strong></span> 
     </span>
     <span class='ocr_line' id='line_1_10' title="bbox 173 1305 1401 1394; baseline -0.001 -22"><span class='ocrx_word' id='word_1_74' title='bbox 173 1305 313 1374; x_wconf 88' lang='lat' dir='ltr'><strong>nidimns</strong></span> <span class='ocrx_word' id='word_1_75' title='bbox 336 1306 378 1373; x_wconf 92' lang='lat' dir='ltr'><strong>de</strong></span> <span class='ocrx_word' id='word_1_76' title='bbox 395 1306 453 1373; x_wconf 93' lang='lat' dir='ltr'><strong>illo</strong></span> <span class='ocrx_word' id='word_1_77' title='bbox 475 1305 596 1373; x_wconf 88' lang='lat' dir='ltr'><strong>iudicio</strong></span> <span class='ocrx_word' id='word_1_78' title='bbox 619 1306 702 1374; x_wconf 91' lang='lat' dir='ltr'><strong>bene</strong></span> <span class='ocrx_word' id='word_1_79' title='bbox 726 1307 913 1392; x_wconf 90' lang='lat' dir='ltr'><strong>conspirant</strong></span> <span class='ocrx_word' id='word_1_80' title='bbox 932 1327 1005 1374; x_wconf 92' lang='lat' dir='ltr'><strong>cnm</strong></span> <span class='ocrx_word' id='word_1_81' title='bbox 1017 1307 1258 1394; x_wconf 87' lang='lat' dir='ltr'><strong>computatione</strong></span> <span class='ocrx_word' id='word_1_82' title='bbox 1271 1313 1401 1373; x_wconf 88' lang='lat' dir='ltr'><strong>nostra:</strong></span> 
     </span>
     <span class='ocr_line' id='line_1_11' title="bbox 173 1413 851 1498; baseline 0.003 -18"><span class='ocrx_word' id='word_1_83' title='bbox 173 1434 238 1498; x_wconf 92' lang='lat' dir='ltr'><strong>qua</strong></span> <span class='ocrx_word' id='word_1_84' title='bbox 260 1413 432 1481; x_wconf 83' lang='lat' dir='ltr'><strong>incidimus</strong></span> <span class='ocrx_word' id='word_1_85' title='bbox 454 1415 489 1479; x_wconf 91' lang='lat' dir='ltr'><strong>in</strong></span> <span class='ocrx_word' id='word_1_86' title='bbox 511 1433 631 1480; x_wconf 89' lang='lat' dir='ltr'><strong>annum</strong></span> <span class='ocrx_word' id='word_1_87' title='bbox 654 1415 697 1481; x_wconf 84' lang='lat'><strong>93</strong></span> <span class='ocrx_word' id='word_1_88' title='bbox 720 1414 774 1480; x_wconf 91' lang='lat' dir='ltr'><strong>uel</strong></span> <span class='ocrx_word' id='word_1_89' title='bbox 797 1416 851 1482; x_wconf 87' lang='lat'><strong>94.</strong></span> 
     </span>
    </p>
   </div>
   <div class='ocr_carea' id='block_1_3' title="bbox 171 1556 1402 1751">
    <p class='ocr_par' dir='ltr' id='par_1_3' title="bbox 171 1556 1402 1751">
     <span class='ocr_line' id='line_1_12' title="bbox 260 1556 1402 1646; baseline 0.001 -22"><span class='ocrx_word' id='word_1_90' title='bbox 260 1557 331 1624; x_wconf 91' lang='lat' dir='ltr'><strong>Iam</strong></span> <span class='ocrx_word' id='word_1_91' title='bbox 344 1557 518 1643; x_wconf 87' lang='lat' dir='ltr'><strong>quaeritur,</strong></span> <span class='ocrx_word' id='word_1_92' title='bbox 541 1557 623 1624; x_wconf 91' lang='lat' dir='ltr'><strong>liber</strong></span> <span class='ocrx_word' id='word_1_93' title='bbox 645 1556 701 1643; x_wconf 93' lang='lat' dir='ltr'><strong>qui</strong></span> <span class='ocrx_word' id='word_1_94' title='bbox 725 1557 785 1624; x_wconf 82' lang='lat' dir='ltr'><strong>fnit</strong></span> <span class='ocrx_word' id='word_1_95' title='bbox 808 1557 850 1624; x_wconf 93' lang='lat' dir='ltr'><strong>de</strong></span> <span class='ocrx_word' id='word_1_96' title='bbox 873 1558 983 1626; x_wconf 88' lang='lat' dir='ltr'><strong>causis</strong></span> <span class='ocrx_word' id='word_1_97' title='bbox 998 1565 1168 1646; x_wconf 76' lang='lat' dir='ltr'><strong>comptae</strong></span> <span class='ocrx_word' id='word_1_98' title='bbox 1184 1558 1402 1646; x_wconf 89' lang='lat' dir='ltr'><strong>eloquentiae,</strong></span> 
     </span>
     <span class='ocr_line' id='line_1_13' title="bbox 171 1663 608 1751; baseline 0 -19"><span class='ocrx_word' id='word_1_99' title='bbox 171 1685 245 1751; x_wconf 92' lang='lat' dir='ltr'><strong>quo</strong></span> <span class='ocrx_word' id='word_1_100' title='bbox 268 1685 367 1732; x_wconf 91' lang='lat' dir='ltr'><strong>anno</strong></span> <span class='ocrx_word' id='word_1_101' title='bbox 391 1666 445 1733; x_wconf 93' lang='lat' dir='ltr'><strong>sit</strong></span> <span class='ocrx_word' id='word_1_102' title='bbox 467 1663 608 1733; x_wconf 88' lang='lat' dir='ltr'><strong>editus.</strong></span> 
     </span>
    </p>
   </div>
   <div class='ocr_carea' id='block_1_4' title="bbox 169 1807 1403 2306">
    <p class='ocr_par' dir='ltr' id='par_1_4' title="bbox 169 1807 1403 2306">
     <span class='ocr_line' id='line_1_14' title="bbox 259 1807 1402 1895; baseline 0 -19"><span class='ocrx_word' id='word_1_103' title='bbox 259 1810 345 1876; x_wconf 83' lang='lat' dir='ltr'><strong>Tota</strong></span> <span class='ocrx_word' id='word_1_104' title='bbox 367 1808 451 1876; x_wconf 91' lang='lat' dir='ltr'><strong>haec</strong></span> <span class='ocrx_word' id='word_1_105' title='bbox 472 1809 621 1894; x_wconf 90' lang='lat' dir='ltr'><strong>quaestio</strong></span> <span class='ocrx_word' id='word_1_106' title='bbox 651 1807 773 1894; x_wconf 87' lang='lat' dir='ltr'><strong>pendet</strong></span> <span class='ocrx_word' id='word_1_107' title='bbox 800 1828 841 1875; x_wconf 82' lang='lat' dir='ltr'><strong>ex</strong></span> <span class='ocrx_word' id='word_1_108' title='bbox 867 1809 942 1875; x_wconf 87' lang='lat' dir='ltr'><strong>libri</strong></span> <span class='ocrx_word' id='word_1_109' title='bbox 973 1809 1031 1875; x_wconf 82' lang='lat' dir='ltr'><strong>VIi</strong></span> <span class='ocrx_word' id='word_1_110' title='bbox 1071 1809 1246 1895; x_wconf 93' lang='lat' dir='ltr'><strong>prooemio,</strong></span> <span class='ocrx_word' id='word_1_111' title='bbox 1277 1809 1334 1876; x_wconf 93' lang='lat' dir='ltr'><strong>ubi</strong></span> <span class='ocrx_word' id='word_1_112' title='bbox 1356 1808 1402 1876; x_wconf 91' lang='lat' dir='ltr'><strong>de</strong></span> 
     </span>
     <span class='ocr_line' id='line_1_15' title="bbox 172 1913 1403 2002; baseline 0.001 -19"><span class='ocrx_word' id='word_1_113' title='bbox 172 1916 412 1983; x_wconf 84' lang='lat' dir='ltr'><strong>calamitatibus</strong></span> <span class='ocrx_word' id='word_1_114' title='bbox 440 1915 635 2001; x_wconf 92' lang='lat' dir='ltr'><strong>quibusdam</strong></span> <span class='ocrx_word' id='word_1_115' title='bbox 671 1915 860 1983; x_wconf 85' lang='lat' dir='ltr'><strong>domesticis</strong></span> <span class='ocrx_word' id='word_1_116' title='bbox 892 1913 1111 1993; x_wconf 84' lang='lat' dir='ltr'><strong>Quintilianus</strong></span> <span class='ocrx_word' id='word_1_117' title='bbox 1143 1917 1190 1983; x_wconf 93' lang='lat' dir='ltr'><strong>ita</strong></span> <span class='ocrx_word' id='word_1_118' title='bbox 1220 1916 1328 2002; x_wconf 83' lang='lat' dir='ltr'><strong>refert,</strong></span> <span class='ocrx_word' id='word_1_119' title='bbox 1363 1925 1403 1984; x_wconf 91' lang='lat' dir='ltr'><strong>nt</strong></span> 
     </span>
     <span class='ocr_line' id='line_1_16' title="bbox 170 2023 1403 2110; baseline 0 -19"><span class='ocrx_word' id='word_1_120' title='bbox 170 2024 268 2091; x_wconf 88' lang='lat' dir='ltr'><strong>certis</strong></span> <span class='ocrx_word' id='word_1_121' title='bbox 297 2024 452 2110; x_wconf 90' lang='lat' dir='ltr'><strong>temporis</strong></span> <span class='ocrx_word' id='word_1_122' title='bbox 479 2023 598 2089; x_wconf 85' lang='lat' dir='ltr'><strong>linibus</strong></span> <span class='ocrx_word' id='word_1_123' title='bbox 631 2043 689 2090; x_wconf 89' lang='lat' dir='ltr'><strong>eas</strong></span> <span class='ocrx_word' id='word_1_124' title='bbox 721 2023 971 2090; x_wconf 90' lang='lat' dir='ltr'><strong>circumscribat.</strong></span> <span class='ocrx_word' id='word_1_125' title='bbox 1024 2043 1096 2089; x_wconf 91' lang='lat' dir='ltr'><strong>cnm</strong></span> <span class='ocrx_word' id='word_1_126' title='bbox 1128 2024 1175 2091; x_wconf 90' lang='lat' dir='ltr'><strong>eis</strong></span> <span class='ocrx_word' id='word_1_127' title='bbox 1208 2044 1293 2108; x_wconf 89' lang='lat' dir='ltr'><strong>quae</strong></span> <span class='ocrx_word' id='word_1_128' title='bbox 1325 2024 1403 2091; x_wconf 92' lang='lat' dir='ltr'><strong>binc</strong></span> 
     </span>
     <span class='ocr_line' id='line_1_17' title="bbox 169 2129 1401 2218; baseline 0 -20"><span class='ocrx_word' id='word_1_129' title='bbox 169 2139 337 2218; x_wconf 80' lang='lat' dir='ltr'><strong>apparent,</strong></span> <span class='ocrx_word' id='word_1_130' title='bbox 364 2129 591 2215; x_wconf 84' lang='lat' dir='ltr'><strong>coniungenda</strong></span> <span class='ocrx_word' id='word_1_131' title='bbox 618 2136 694 2196; x_wconf 91' lang='lat' dir='ltr'><strong>sunt</strong></span> <span class='ocrx_word' id='word_1_132' title='bbox 720 2151 805 2216; x_wconf 90' lang='lat' dir='ltr'><strong>quae</strong></span> <span class='ocrx_word' id='word_1_133' title='bbox 833 2131 875 2197; x_wconf 91' lang='lat' dir='ltr'><strong>de</strong></span> <span class='ocrx_word' id='word_1_134' title='bbox 901 2131 1117 2199; x_wconf 89' lang='lat' dir='ltr'><strong>Institutionis</strong></span> <span class='ocrx_word' id='word_1_135' title='bbox 1145 2132 1285 2199; x_wconf 89' lang='lat' dir='ltr'><strong>emissae</strong></span> <span class='ocrx_word' id='word_1_136' title='bbox 1313 2153 1401 2199; x_wconf 87' lang='lat' dir='ltr'><strong>anno</strong></span> 
     </span>
     <span class='ocr_line' id='line_1_18' title="bbox 170 2237 352 2306; baseline 0.011 -2"><span class='ocrx_word' id='word_1_137' title='bbox 170 2237 352 2306; x_wconf 83' lang='lat' dir='ltr'><strong>statuimus.</strong></span> 
     </span>
    </p>
   </div>
   <div class='ocr_carea' id='block_1_5' title="bbox 166 2399 1401 4420">
    <p class='ocr_par' dir='ltr' id='par_1_5' title="bbox 166 2399 1401 4420">
     <span class='ocr_line' id='line_1_19' title="bbox 259 2399 1400 2486; baseline 0.001 -19"><span class='ocrx_word' id='word_1_138' title='bbox 259 2402 365 2486; x_wconf 82' lang='lat' dir='ltr'><strong>Atque</strong></span> <span class='ocrx_word' id='word_1_139' title='bbox 396 2399 453 2467; x_wconf 92' lang='lat' dir='ltr'><strong>illo</strong></span> <span class='ocrx_word' id='word_1_140' title='bbox 489 2400 563 2467; x_wconf 96' lang='lat' dir='ltr'><strong>loco</strong></span> <span class='ocrx_word' id='word_1_141' title='bbox 595 2400 801 2485; x_wconf 88' lang='lat' dir='ltr'><strong>conqueritur</strong></span> <span class='ocrx_word' id='word_1_142' title='bbox 832 2400 955 2466; x_wconf 83' lang='lat' dir='ltr'><strong>Fabius</strong></span> <span class='ocrx_word' id='word_1_143' title='bbox 986 2400 1127 2485; x_wconf 88' lang='lat' dir='ltr'><strong>quinque</strong></span> <span class='ocrx_word' id='word_1_144' title='bbox 1164 2401 1273 2486; x_wconf 91' lang='lat' dir='ltr'><strong>operis</strong></span> <span class='ocrx_word' id='word_1_145' title='bbox 1305 2400 1400 2468; x_wconf 83' lang='lat' dir='ltr'><strong>libris</strong></span> 
     </span>
     <span class='ocr_line' id='line_1_20' title="bbox 169 2506 1401 2595; baseline -0.002 -19"><span class='ocrx_word' id='word_1_146' title='bbox 169 2507 324 2595; x_wconf 82' lang='lat' dir='ltr'><strong>perlectis</strong></span> <span class='ocrx_word' id='word_1_147' title='bbox 346 2508 509 2595; x_wconf 88' lang='lat' dir='ltr'><strong>priuatum</strong></span> <span class='ocrx_word' id='word_1_148' title='bbox 532 2528 569 2574; x_wconf 93' lang='lat' dir='ltr'><strong>se</strong></span> <span class='ocrx_word' id='word_1_149' title='bbox 592 2527 667 2576; x_wconf 89' lang='lat' dir='ltr'><strong>csse</strong></span> <span class='ocrx_word' id='word_1_150' title='bbox 689 2507 766 2594; x_wconf 90' lang='lat' dir='ltr'><strong>filio,</strong></span> <span class='ocrx_word' id='word_1_151' title='bbox 793 2507 877 2574; x_wconf 88' lang='lat' dir='ltr'><strong>inter</strong></span> <span class='ocrx_word' id='word_1_152' title='bbox 900 2506 982 2575; x_wconf 91' lang='lat' dir='ltr'><strong>dnos</strong></span> <span class='ocrx_word' id='word_1_153' title='bbox 1005 2507 1062 2573; x_wconf 93' lang='lat' dir='ltr'><strong>illo</strong></span> <span class='ocrx_word' id='word_1_154' title='bbox 1085 2507 1207 2574; x_wconf 88' lang='lat' dir='ltr'><strong>maiore</strong></span> <span class='ocrx_word' id='word_1_155' title='bbox 1232 2514 1321 2594; x_wconf 88' lang='lat' dir='ltr'><strong>natu,</strong></span> <span class='ocrx_word' id='word_1_156' title='bbox 1344 2508 1401 2592; x_wconf 94' lang='lat' dir='ltr'><strong>qui</strong></span> 
     </span>
     <span class='ocr_line' id='line_1_21' title="bbox 169 2613 1400 2702; baseline -0.001 -20"><span class='ocrx_word' id='word_1_157' title='bbox 169 2616 357 2684; x_wconf 88' lang='lat' dir='ltr'><strong>decimum</strong></span> <span class='ocrx_word' id='word_1_158' title='bbox 387 2616 454 2682; x_wconf 90' lang='lat' dir='ltr'><strong>iam</strong></span> <span class='ocrx_word' id='word_1_159' title='bbox 490 2615 610 2682; x_wconf 89' lang='lat' dir='ltr'><strong>aetatis</strong></span> <span class='ocrx_word' id='word_1_160' title='bbox 642 2635 761 2680; x_wconf 90' lang='lat' dir='ltr'><strong>annum</strong></span> <span class='ocrx_word' id='word_1_161' title='bbox 796 2615 964 2698; x_wconf 81' lang='lat' dir='ltr'><strong>ingressus</strong></span> <span class='ocrx_word' id='word_1_162' title='bbox 997 2614 1041 2682; x_wconf 94' lang='lat' dir='ltr'><strong>sit</strong></span> <span class='ocrx_word' id='word_1_163' title='bbox 1073 2617 1107 2697; x_wconf 70' lang='grc' dir='ltr'><strong>(ξ</strong></span> <span class='ocrx_word' id='word_1_164' title='bbox 1142 2613 1206 2702; x_wconf 88' lang='grc'>10).</span> <span class='ocrx_word' id='word_1_165' title='bbox 1261 2614 1400 2681; x_wconf 90' lang='lat' dir='ltr'><strong>similem</strong></span> 
     </span>
     <span class='ocr_line' id='line_1_22' title="bbox 170 2720 1396 2808; baseline -0.003 -18"><span class='ocrx_word' id='word_1_166' title='bbox 170 2722 347 2790; x_wconf 89' lang='lat' dir='ltr'><strong>sociadem</strong></span> <span class='ocrx_word' id='word_1_167' title='bbox 371 2721 540 2808; x_wconf 89' lang='lat' dir='ltr'><strong>accepisse</strong></span> <span class='ocrx_word' id='word_1_168' title='bbox 563 2721 629 2787; x_wconf 93' lang='lat' dir='ltr'><strong>iam</strong></span> <span class='ocrx_word' id='word_1_169' title='bbox 642 2727 749 2787; x_wconf 82' lang='lat' dir='ltr'><strong>antea</strong></span> <span class='ocrx_word' id='word_1_170' title='bbox 785 2741 861 2786; x_wconf 92' lang='lat' dir='ltr'><strong>nam</strong></span> <span class='ocrx_word' id='word_1_171' title='bbox 884 2741 955 2787; x_wconf 87' lang='lat' dir='ltr'><strong>cnm</strong></span> <span class='ocrx_word' id='word_1_172' title='bbox 977 2721 1094 2787; x_wconf 88' lang='lat' dir='ltr'><strong>librum</strong></span> <span class='ocrx_word' id='word_1_173' title='bbox 1107 2742 1203 2806; x_wconf 91' lang='lat' dir='ltr'><strong>quem</strong></span> <span class='ocrx_word' id='word_1_174' title='bbox 1225 2720 1267 2787; x_wconf 94' lang='lat' dir='ltr'><strong>de</strong></span> <span class='ocrx_word' id='word_1_175' title='bbox 1291 2722 1396 2789; x_wconf 87' lang='lat' dir='ltr'><strong>causis</strong></span> 
     </span>
     <span class='ocr_line' id='line_1_23' title="bbox 169 2824 1394 2916; baseline -0.002 -20"><span class='ocrx_word' id='word_1_176' title='bbox 169 2835 341 2916; x_wconf 87' lang='lat' dir='ltr'><strong>corruptae</strong></span> <span class='ocrx_word' id='word_1_177' title='bbox 368 2829 573 2914; x_wconf 90' lang='lat' dir='ltr'><strong>eloquentiae</strong></span> <span class='ocrx_word' id='word_1_178' title='bbox 606 2828 749 2895; x_wconf 90' lang='lat' dir='ltr'><strong>emiserit</strong></span> <span class='ocrx_word' id='word_1_179' title='bbox 781 2828 922 2895; x_wconf 89' lang='lat' dir='ltr'><strong>scribere</strong></span> <span class='ocrx_word' id='word_1_180' title='bbox 955 2828 1051 2895; x_wconf 82' lang='lat' dir='ltr'><strong>fuerit</strong></span> <span class='ocrx_word' id='word_1_181' title='bbox 1083 2828 1259 2914; x_wconf 80' lang='lat' dir='ltr'><strong>adgressus</strong></span> <span class='ocrx_word' id='word_1_182' title='bbox 1288 2833 1322 2912; x_wconf 64' lang='grc' dir='ltr'><strong>(ξ</strong></span> <span class='ocrx_word' id='word_1_183' title='bbox 1350 2824 1394 2915; x_wconf 80' lang='grc'><strong>3),</strong></span> 
     </span>
     <span class='ocr_line' id='line_1_24' title="bbox 168 2934 1397 3025; baseline 0.001 -24"><span class='ocrx_word' id='word_1_184' title='bbox 168 2936 270 3003; x_wconf 87' lang='lat' dir='ltr'><strong>lilium</strong></span> <span class='ocrx_word' id='word_1_185' title='bbox 291 2937 448 3004; x_wconf 89' lang='lat' dir='ltr'><strong>minorem</strong></span> <span class='ocrx_word' id='word_1_186' title='bbox 470 2955 544 3003; x_wconf 90' lang='lat' dir='ltr'><strong>esse</strong></span> <span class='ocrx_word' id='word_1_187' title='bbox 567 2943 726 3003; x_wconf 89' lang='lat' dir='ltr'><strong>mortuum</strong></span> <span class='ocrx_word' id='word_1_188' title='bbox 749 2944 863 3003; x_wconf 81' lang='lat' dir='ltr'><strong>sexto</strong></span> <span class='ocrx_word' id='word_1_189' title='bbox 886 2937 1006 3004; x_wconf 87' lang='lat' dir='ltr'><strong>aetatis</strong></span> <span class='ocrx_word' id='word_1_190' title='bbox 1030 2957 1114 3003; x_wconf 90' lang='lat' dir='ltr'><strong>anno</strong></span> <span class='ocrx_word' id='word_1_191' title='bbox 1139 2935 1173 3024; x_wconf 67' lang='grc' dir='ltr'><strong>(ξ</strong></span> <span class='ocrx_word' id='word_1_192' title='bbox 1193 2936 1238 3025; x_wconf 89' lang='lat'><strong>6).</strong></span> <span class='ocrx_word' id='word_1_193' title='bbox 1283 2934 1397 3022; x_wconf 90' lang='lat' dir='ltr'><strong>paucis</strong></span> 
     </span>
     <span class='ocr_line' id='line_1_25' title="bbox 169 3042 1400 3130; baseline -0.001 -20"><span class='ocrx_word' id='word_1_194' title='bbox 169 3051 277 3111; x_wconf 90' lang='lat' dir='ltr'><strong>autem</strong></span> <span class='ocrx_word' id='word_1_195' title='bbox 299 3044 474 3130; x_wconf 91' lang='lat' dir='ltr'><strong>mensibus,</strong></span> <span class='ocrx_word' id='word_1_196' title='bbox 502 3050 579 3110; x_wconf 89' lang='lat' dir='ltr'><strong>ante</strong></span> <span class='ocrx_word' id='word_1_197' title='bbox 602 3064 699 3128; x_wconf 87' lang='lat' dir='ltr'><strong>quam</strong></span> <span class='ocrx_word' id='word_1_198' title='bbox 721 3043 775 3109; x_wconf 93' lang='lat' dir='ltr'><strong>hic</strong></span> <span class='ocrx_word' id='word_1_199' title='bbox 803 3065 988 3130; x_wconf 88' lang='lat' dir='ltr'><strong>supremum</strong></span> <span class='ocrx_word' id='word_1_200' title='bbox 1016 3043 1102 3110; x_wconf 91' lang='lat' dir='ltr'><strong>diem</strong></span> <span class='ocrx_word' id='word_1_201' title='bbox 1125 3043 1249 3129; x_wconf 91' lang='lat' dir='ltr'><strong>obierit,</strong></span> <span class='ocrx_word' id='word_1_202' title='bbox 1277 3042 1400 3111; x_wconf 86' lang='lat' dir='ltr'><strong>factum</strong></span> 
     </span>
     <span class='ocr_line' id='line_1_26' title="bbox 170 3149 1401 3238; baseline -0.002 -19"><span class='ocrx_word' id='word_1_203' title='bbox 170 3172 252 3238; x_wconf 90' lang='lat' dir='ltr'><strong>esse,</strong></span> <span class='ocrx_word' id='word_1_204' title='bbox 278 3157 315 3218; x_wconf 90' lang='lat' dir='ltr'><strong>ut</strong></span> <span class='ocrx_word' id='word_1_205' title='bbox 336 3171 419 3217; x_wconf 88' lang='lat' dir='ltr'><strong>uxor</strong></span> <span class='ocrx_word' id='word_1_206' title='bbox 440 3149 582 3217; x_wconf 90' lang='lat' dir='ltr'><strong>nondum</strong></span> <span class='ocrx_word' id='word_1_207' title='bbox 605 3150 734 3237; x_wconf 83' lang='lat' dir='ltr'><strong>expleto</strong></span> <span class='ocrx_word' id='word_1_208' title='bbox 757 3151 1050 3217; x_wconf 85' lang='lat' dir='ltr'><strong>undeuicesimo</strong></span> <span class='ocrx_word' id='word_1_209' title='bbox 1073 3170 1158 3216; x_wconf 90' lang='lat' dir='ltr'><strong>anno</strong></span> <span class='ocrx_word' id='word_1_210' title='bbox 1182 3154 1214 3232; x_wconf 64' lang='grc' dir='ltr'><strong>(ς</strong></span> <span class='ocrx_word' id='word_1_211' title='bbox 1237 3154 1271 3233; x_wconf 88' lang='grc'><strong>4)</strong></span> <span class='ocrx_word' id='word_1_212' title='bbox 1295 3157 1401 3217; x_wconf 88' lang='lat' dir='ltr'><strong>morte</strong></span> 
     </span>
     <span class='ocr_line' id='line_1_27' title="bbox 169 3256 1400 3349; baseline -0.002 -23"><span class='ocrx_word' id='word_1_213' title='bbox 169 3259 232 3327; x_wconf 87' lang='lat' dir='ltr'><strong>sibi</strong></span> <span class='ocrx_word' id='word_1_214' title='bbox 264 3259 449 3349; x_wconf 89' lang='lat' dir='ltr'><strong>eriperetur.</strong></span> <span class='ocrx_word' id='word_1_215' title='bbox 473 3296 515 3307; x_wconf 91' lang='lat'><em>-</em></span> <span class='ocrx_word' id='word_1_216' title='bbox 540 3280 580 3327; x_wconf 83' lang='lat' dir='ltr'><strong>ex</strong></span> <span class='ocrx_word' id='word_1_217' title='bbox 606 3258 658 3325; x_wconf 89' lang='lat' dir='ltr'><strong>his</strong></span> <span class='ocrx_word' id='word_1_218' title='bbox 682 3279 801 3325; x_wconf 90' lang='lat' dir='ltr'><strong>annum</strong></span> <span class='ocrx_word' id='word_1_219' title='bbox 829 3278 892 3342; x_wconf 91' lang='lat' dir='ltr'><strong>quo</strong></span> <span class='ocrx_word' id='word_1_220' title='bbox 925 3258 1047 3324; x_wconf 87' lang='lat' dir='ltr'><strong>sribere</strong></span> <span class='ocrx_word' id='word_1_221' title='bbox 1079 3257 1187 3344; x_wconf 91' lang='lat' dir='ltr'><strong>coepit</strong></span> <span class='ocrx_word' id='word_1_222' title='bbox 1217 3258 1334 3323; x_wconf 92' lang='lat' dir='ltr'><strong>librum</strong></span> <span class='ocrx_word' id='word_1_223' title='bbox 1356 3256 1400 3323; x_wconf 94' lang='lat' dir='ltr'><strong>de</strong></span> 
     </span>
     <span class='ocr_line' id='line_1_28' title="bbox 169 3364 1398 3452; baseline -0.002 -19"><span class='ocrx_word' id='word_1_224' title='bbox 169 3366 278 3434; x_wconf 87' lang='lat' dir='ltr'><strong>causis</strong></span> <span class='ocrx_word' id='word_1_225' title='bbox 300 3365 489 3433; x_wconf 86' lang='lat' dir='ltr'><strong>ratiocinari</strong></span> <span class='ocrx_word' id='word_1_226' title='bbox 510 3386 693 3452; x_wconf 91' lang='lat' dir='ltr'><strong>possumus,</strong></span> <span class='ocrx_word' id='word_1_227' title='bbox 721 3365 915 3448; x_wconf 87' lang='lat' dir='ltr'><strong>simulatque</strong></span> <span class='ocrx_word' id='word_1_228' title='bbox 944 3385 1047 3431; x_wconf 92' lang='lat' dir='ltr'><strong>annus</strong></span> <span class='ocrx_word' id='word_1_229' title='bbox 1076 3372 1127 3431; x_wconf 92' lang='lat' dir='ltr'><strong>est</strong></span> <span class='ocrx_word' id='word_1_230' title='bbox 1158 3364 1398 3449; x_wconf 85' lang='lat' dir='ltr'><strong>definitusque</strong></span> 
     </span>
     <span class='ocr_line' id='line_1_29' title="bbox 168 3471 1398 3560; baseline -0.001 -22"><span class='ocrx_word' id='word_1_231' title='bbox 168 3473 256 3540; x_wconf 83' lang='lat' dir='ltr'><strong>filio</strong></span> <span class='ocrx_word' id='word_1_232' title='bbox 279 3475 427 3541; x_wconf 87' lang='lat' dir='ltr'><strong>maiore</strong></span> <span class='ocrx_word' id='word_1_233' title='bbox 450 3479 544 3560; x_wconf 88' lang='lat' dir='ltr'><strong>pater</strong></span> <span class='ocrx_word' id='word_1_234' title='bbox 558 3475 691 3540; x_wconf 87' lang='lat' dir='ltr'><strong>orbatus</strong></span> <span class='ocrx_word' id='word_1_235' title='bbox 706 3478 765 3540; x_wconf 88' lang='lat' dir='ltr'><strong>est.</strong></span> <span class='ocrx_word' id='word_1_236' title='bbox 811 3473 866 3556; x_wconf 91' lang='lat' dir='ltr'><strong>qui</strong></span> <span class='ocrx_word' id='word_1_237' title='bbox 890 3471 1020 3557; x_wconf 92' lang='lat' dir='ltr'><strong>quidem</strong></span> <span class='ocrx_word' id='word_1_238' title='bbox 1044 3494 1117 3539; x_wconf 92' lang='lat' dir='ltr'><strong>cnm</strong></span> <span class='ocrx_word' id='word_1_239' title='bbox 1130 3473 1198 3539; x_wconf 85' lang='lat' dir='ltr'><strong>vita</strong></span> <span class='ocrx_word' id='word_1_240' title='bbox 1217 3473 1398 3539; x_wconf 88' lang='lat' dir='ltr'><strong>decesserit</strong></span> 
     </span>
     <span class='ocr_line' id='line_1_30' title="bbox 167 3578 1399 3669; baseline -0.003 -21"><span class='ocrx_word' id='word_1_241' title='bbox 167 3588 243 3669; x_wconf 90' lang='lat' dir='ltr'><strong>post</strong></span> <span class='ocrx_word' id='word_1_242' title='bbox 271 3582 439 3649; x_wconf 87' lang='lat' dir='ltr'><strong>absolutos</strong></span> <span class='ocrx_word' id='word_1_243' title='bbox 465 3580 684 3647; x_wconf 88' lang='lat' dir='ltr'><strong>Institutionis</strong></span> <span class='ocrx_word' id='word_1_244' title='bbox 712 3580 812 3646; x_wconf 92' lang='lat' dir='ltr'><strong>libros</strong></span> <span class='ocrx_word' id='word_1_245' title='bbox 845 3579 986 3664; x_wconf 91' lang='lat' dir='ltr'><strong>quinque</strong></span> <span class='ocrx_word' id='word_1_246' title='bbox 1013 3580 1152 3667; x_wconf 86' lang='lat' dir='ltr'><strong>priores,</strong></span> <span class='ocrx_word' id='word_1_247' title='bbox 1180 3581 1330 3648; x_wconf 89' lang='lat' dir='ltr'><strong>reicimur</strong></span> <span class='ocrx_word' id='word_1_248' title='bbox 1352 3578 1399 3645; x_wconf 90' lang='lat' dir='ltr'><strong>ad</strong></span> 
     </span>
     <span class='ocr_line' id='line_1_31' title="bbox 168 3687 1397 3775; baseline -0.001 -20"><span class='ocrx_word' id='word_1_249' title='bbox 168 3688 440 3775; x_wconf 89' lang='lat' dir='ltr'><strong>computationem</strong></span> <span class='ocrx_word' id='word_1_250' title='bbox 462 3688 541 3754; x_wconf 88' lang='lat' dir='ltr'><strong>anni</strong></span> <span class='ocrx_word' id='word_1_251' title='bbox 563 3708 627 3772; x_wconf 92' lang='lat' dir='ltr'><strong>quo</strong></span> <span class='ocrx_word' id='word_1_252' title='bbox 641 3687 716 3753; x_wconf 92' lang='lat' dir='ltr'><strong>illos</strong></span> <span class='ocrx_word' id='word_1_253' title='bbox 740 3695 981 3753; x_wconf 89' lang='lat' dir='ltr'><strong>consummatos</strong></span> <span class='ocrx_word' id='word_1_254' title='bbox 1004 3688 1106 3755; x_wconf 81' lang='lat' dir='ltr'><strong>inisse</strong></span> <span class='ocrx_word' id='word_1_255' title='bbox 1129 3689 1172 3755; x_wconf 93' lang='lat' dir='ltr'><strong>sit</strong></span> <span class='ocrx_word' id='word_1_256' title='bbox 1189 3687 1259 3755; x_wconf 88' lang='lat' dir='ltr'><strong>ueri</strong></span> <span class='ocrx_word' id='word_1_257' title='bbox 1283 3687 1397 3754; x_wconf 84' lang='lat' dir='ltr'><strong>simile.</strong></span> 
     </span>
     <span class='ocr_line' id='line_1_32' title="bbox 168 3795 1398 3882; baseline 0 -20"><span class='ocrx_word' id='word_1_258' title='bbox 168 3795 258 3881; x_wconf 85' lang='lat' dir='ltr'><strong>atqui</strong></span> <span class='ocrx_word' id='word_1_259' title='bbox 280 3795 421 3863; x_wconf 90' lang='lat' dir='ltr'><strong>uidimus</strong></span> <span class='ocrx_word' id='word_1_260' title='bbox 448 3795 517 3863; x_wconf 87' lang='lat' dir='ltr'><strong>fere</strong></span> <span class='ocrx_word' id='word_1_261' title='bbox 545 3815 630 3861; x_wconf 88' lang='lat' dir='ltr'><strong>anno</strong></span> <span class='ocrx_word' id='word_1_262' title='bbox 655 3797 699 3863; x_wconf 90' lang='lat'><strong>90</strong></span> <span class='ocrx_word' id='word_1_263' title='bbox 727 3815 808 3882; x_wconf 89' lang='lat' dir='ltr'><strong>opus</strong></span> <span class='ocrx_word' id='word_1_264' title='bbox 837 3802 986 3882; x_wconf 91' lang='lat' dir='ltr'><strong>coeptum</strong></span> <span class='ocrx_word' id='word_1_265' title='bbox 1013 3816 1087 3863; x_wconf 90' lang='lat' dir='ltr'><strong>esse</strong></span> <span class='ocrx_word' id='word_1_266' title='bbox 1111 3796 1216 3882; x_wconf 90' lang='lat' dir='ltr'><strong>scribi,</strong></span> <span class='ocrx_word' id='word_1_267' title='bbox 1245 3815 1329 3861; x_wconf 91' lang='lat' dir='ltr'><strong>anno</strong></span> <span class='ocrx_word' id='word_1_268' title='bbox 1353 3797 1398 3862; x_wconf 84' lang='lat'><strong>92</strong></span> 
     </span>
     <span class='ocr_line' id='line_1_33' title="bbox 167 3901 1397 3989; baseline 0.001 -22"><span class='ocrx_word' id='word_1_269' title='bbox 167 3902 235 3971; x_wconf 87' lang='lat' dir='ltr'><strong>fere</strong></span> <span class='ocrx_word' id='word_1_270' title='bbox 257 3904 395 3989; x_wconf 69' lang='lat' dir='ltr'><strong>incunte!</strong></span> <span class='ocrx_word' id='word_1_271' title='bbox 419 3903 598 3989; x_wconf 88' lang='lat' dir='ltr'><strong>perfeetum</strong></span> <span class='ocrx_word' id='word_1_272' title='bbox 628 3902 738 3989; x_wconf 84' lang='lat' dir='ltr'><strong>inisse,</strong></span> <span class='ocrx_word' id='word_1_273' title='bbox 766 3903 908 3969; x_wconf 91' lang='lat' dir='ltr'><strong>nondum</strong></span> <span class='ocrx_word' id='word_1_274' title='bbox 941 3901 1071 3970; x_wconf 90' lang='lat' dir='ltr'><strong>editum.</strong></span> <span class='ocrx_word' id='word_1_275' title='bbox 1118 3923 1195 3987; x_wconf 84' lang='lat' dir='ltr'><strong>ergo</strong></span> <span class='ocrx_word' id='word_1_276' title='bbox 1219 3924 1304 3969; x_wconf 90' lang='lat' dir='ltr'><strong>anno</strong></span> <span class='ocrx_word' id='word_1_277' title='bbox 1328 3901 1397 3969; x_wconf 82' lang='lat' dir='ltr'><strong>fere</strong></span> 
     </span>
     <span class='ocr_line' id='line_1_34' title="bbox 168 4009 1397 4098; baseline -0.002 -21"><span class='ocrx_word' id='word_1_278' title='bbox 168 4013 206 4078; x_wconf 85' lang='lat'><strong>91</strong></span> <span class='ocrx_word' id='word_1_279' title='bbox 234 4010 404 4098; x_wconf 87' lang='lat' dir='ltr'><strong>probabile</strong></span> <span class='ocrx_word' id='word_1_280' title='bbox 428 4017 479 4077; x_wconf 90' lang='lat' dir='ltr'><strong>est</strong></span> <span class='ocrx_word' id='word_1_281' title='bbox 502 4010 643 4094; x_wconf 91' lang='lat' dir='ltr'><strong>quinque</strong></span> <span class='ocrx_word' id='word_1_282' title='bbox 666 4009 765 4076; x_wconf 88' lang='lat' dir='ltr'><strong>libros</strong></span> <span class='ocrx_word' id='word_1_283' title='bbox 788 4011 913 4096; x_wconf 90' lang='lat' dir='ltr'><strong>priores</strong></span> <span class='ocrx_word' id='word_1_284' title='bbox 937 4010 1039 4077; x_wconf 83' lang='lat' dir='ltr'><strong>fuisse</strong></span> <span class='ocrx_word' id='word_1_285' title='bbox 1062 4011 1238 4077; x_wconf 89' lang='lat' dir='ltr'><strong>absolutos.</strong></span> <span class='ocrx_word' id='word_1_286' title='bbox 1282 4011 1345 4076; x_wconf 91' lang='lat' dir='ltr'><strong>hoc</strong></span> <span class='ocrx_word' id='word_1_287' title='bbox 1368 4009 1397 4076; x_wconf 92' lang='lat' dir='ltr'><strong>si</strong></span> 
     </span>
     <span class='ocr_line' id='line_1_35' title="bbox 166 4116 1396 4204; baseline -0.002 -20"><span class='ocrx_word' id='word_1_288' title='bbox 166 4126 289 4186; x_wconf 89' lang='lat' dir='ltr'><strong>rectum</strong></span> <span class='ocrx_word' id='word_1_289' title='bbox 312 4125 372 4203; x_wconf 90' lang='lat' dir='ltr'><strong>est,</strong></span> <span class='ocrx_word' id='word_1_290' title='bbox 393 4116 479 4184; x_wconf 90' lang='lat' dir='ltr'><strong>filius</strong></span> <span class='ocrx_word' id='word_1_291' title='bbox 501 4118 605 4183; x_wconf 89' lang='lat' dir='ltr'><strong>maior</strong></span> <span class='ocrx_word' id='word_1_292' title='bbox 627 4124 715 4204; x_wconf 86' lang='lat' dir='ltr'><strong>natu,</strong></span> <span class='ocrx_word' id='word_1_293' title='bbox 739 4138 834 4202; x_wconf 91' lang='lat' dir='ltr'><strong>quem</strong></span> <span class='ocrx_word' id='word_1_294' title='bbox 854 4118 962 4185; x_wconf 88' lang='lat' dir='ltr'><strong>indico</strong></span> <span class='ocrx_word' id='word_1_295' title='bbox 986 4118 1095 4185; x_wconf 88' lang='lat' dir='ltr'><strong>littera</strong></span> <span class='ocrx_word' id='word_1_296' title='bbox 1108 4117 1146 4204; x_wconf 87' lang='lat' dir='ltr'><strong>A,</strong></span> <span class='ocrx_word' id='word_1_297' title='bbox 1170 4119 1204 4183; x_wconf 91' lang='lat' dir='ltr'><strong>in</strong></span> <span class='ocrx_word' id='word_1_298' title='bbox 1225 4117 1330 4185; x_wconf 91' lang='lat' dir='ltr'><strong>lucem</strong></span> <span class='ocrx_word' id='word_1_299' title='bbox 1345 4123 1396 4183; x_wconf 89' lang='lat' dir='ltr'><strong>est</strong></span> 
     </span>
     <span class='ocr_line' id='line_1_36' title="bbox 167 4224 1395 4294; baseline -0.003 -1"><span class='ocrx_word' id='word_1_300' title='bbox 167 4224 274 4293; x_wconf 89' lang='lat' dir='ltr'><strong>editus</strong></span> <span class='ocrx_word' id='word_1_301' title='bbox 306 4244 390 4291; x_wconf 92' lang='lat' dir='ltr'><strong>anno</strong></span> <span class='ocrx_word' id='word_1_302' title='bbox 423 4228 475 4292; x_wconf 89' lang='grc'><strong>81.</strong></span> <span class='ocrx_word' id='word_1_303' title='bbox 529 4231 634 4291; x_wconf 88' lang='lat' dir='ltr'><strong>mater</strong></span> <span class='ocrx_word' id='word_1_304' title='bbox 664 4232 774 4293; x_wconf 87' lang='lat' dir='ltr'><strong>autem</strong></span> <span class='ocrx_word' id='word_1_305' title='bbox 806 4232 856 4294; x_wconf 91' lang='lat' dir='ltr'><strong>est</strong></span> <span class='ocrx_word' id='word_1_306' title='bbox 890 4232 1017 4292; x_wconf 86' lang='lat' dir='ltr'><strong>mortua</strong></span> <span class='ocrx_word' id='word_1_307' title='bbox 1049 4246 1134 4292; x_wconf 87' lang='lat' dir='ltr'><strong>anno</strong></span> <span class='ocrx_word' id='word_1_308' title='bbox 1167 4225 1286 4293; x_wconf 89' lang='lat' dir='ltr'><strong>aetatis</strong></span> <span class='ocrx_word' id='word_1_309' title='bbox 1321 4227 1395 4291; x_wconf 84' lang='lat'><strong>190:</strong></span> 
     </span>
     <span class='ocr_line' id='line_1_37' title="bbox 167 4330 1395 4420; baseline -0.002 -21"><span class='ocrx_word' id='word_1_310' title='bbox 167 4353 230 4417; x_wconf 93' lang='lat' dir='ltr'><strong>quo</strong></span> <span class='ocrx_word' id='word_1_311' title='bbox 261 4351 347 4398; x_wconf 87' lang='lat' dir='ltr'><strong>auno</strong></span> <span class='ocrx_word' id='word_1_312' title='bbox 377 4330 464 4398; x_wconf 89' lang='lat' dir='ltr'><strong>filius</strong></span> <span class='ocrx_word' id='word_1_313' title='bbox 496 4353 591 4417; x_wconf 91' lang='lat' dir='ltr'><strong>quem</strong></span> <span class='ocrx_word' id='word_1_314' title='bbox 623 4341 699 4419; x_wconf 89' lang='lat' dir='ltr'><strong>post</strong></span> <span class='ocrx_word' id='word_1_315' title='bbox 729 4334 759 4399; x_wconf 86' lang='grc' dir='ltr'><strong>Α</strong></span> <span class='ocrx_word' id='word_1_316' title='bbox 789 4340 971 4420; x_wconf 88' lang='lat' dir='ltr'><strong>pepererat,</strong></span> <span class='ocrx_word' id='word_1_317' title='bbox 1004 4333 1059 4418; x_wconf 91' lang='lat' dir='ltr'><strong>qui</strong></span> <span class='ocrx_word' id='word_1_318' title='bbox 1091 4333 1185 4400; x_wconf 91' lang='lat' dir='ltr'><strong>nobis</strong></span> <span class='ocrx_word' id='word_1_319' title='bbox 1216 4333 1331 4400; x_wconf 87' lang='lat' dir='ltr'><strong>audiat</strong></span> <span class='ocrx_word' id='word_1_320' title='bbox 1358 4333 1395 4418; x_wconf 95' lang='lat' dir='ltr'><strong>B,</strong></span> 
     </span>
    </p>
   </div>
   <div class='ocr_carea' id='block_1_6' title="bbox 166 4437 1396 4648">
    <p class='ocr_par' dir='ltr' id='par_1_6' title="bbox 166 4437 1396 4648">
     <span class='ocr_line' id='line_1_38' title="bbox 166 4437 1396 4648; baseline 0 -142"><span class='ocrx_word' id='word_1_321' title='bbox 166 4437 596 4648; x_wconf 51' lang='lat' dir='ltr'><strong>ququamos.</strong></span> <span class='ocrx_word' id='word_1_322' title='bbox 642 4461 720 4527; x_wconf 83' lang='lat' dir='ltr'><strong>crgo</strong></span> <span class='ocrx_word' id='word_1_323' title='bbox 750 4461 788 4507; x_wconf 89' lang='lat' dir='ltr'><strong>co</strong></span> <span class='ocrx_word' id='word_1_324' title='bbox 821 4449 966 4527; x_wconf 88' lang='lat' dir='ltr'><strong>tempore</strong></span> <span class='ocrx_word' id='word_1_325' title='bbox 994 4461 1057 4524; x_wconf 92' lang='lat' dir='ltr'><strong>quo</strong></span> <span class='ocrx_word' id='word_1_326' title='bbox 1089 4439 1239 4506; x_wconf 90' lang='lat' dir='ltr'><strong>filint</strong></span> <span class='ocrx_word' id='word_1_327' title='bbox 1266 4441 1396 4526; x_wconf 90' lang='lat' dir='ltr'><strong>peperit</strong></span> 
     </span>
     <span class='ocr_line' id='line_1_39' title="bbox 166 4546 1395 4637; baseline 0 -23"><span class='ocrx_word' id='word_1_328' title='bbox 166 4547 241 4637; x_wconf 89' lang='lat' dir='ltr'><strong>ipsa</strong></span> <span class='ocrx_word' id='word_1_329' title='bbox 502 4551 598 4616; x_wconf 72' lang='lat' dir='ltr'>14¹¹m.</span> <span class='ocrx_word' id='word_1_330' title='bbox 644 4570 716 4617; x_wconf 90' lang='lat' dir='ltr'><strong>cnm</strong></span> <span class='ocrx_word' id='word_1_331' title='bbox 739 4568 817 4617; x_wconf 91' lang='lat' dir='ltr'><strong>uero</strong></span> <span class='ocrx_word' id='word_1_332' title='bbox 840 4548 915 4632; x_wconf 87' lang='lat' dir='ltr'><strong>lege</strong></span> <span class='ocrx_word' id='word_1_333' title='bbox 937 4549 1084 4614; x_wconf 86' lang='lat' dir='ltr'><strong>Romana</strong></span> <span class='ocrx_word' id='word_1_334' title='bbox 1111 4546 1291 4633; x_wconf 84' lang='lat' dir='ltr'><strong>uirginibus</strong></span> <span class='ocrx_word' id='word_1_335' title='bbox 1319 4554 1395 4614; x_wconf 90' lang='lat' dir='ltr'><strong>ante</strong></span> 
     </span>
    </p>
   </div>
   <div class='ocr_carea' id='block_1_7' title="bbox 0 0 1568 4942">
    <p class='ocr_par' dir='ltr' id='par_1_7' title="bbox 0 0 1568 4942">
     <span class='ocr_line' id='line_1_40' title="bbox 0 0 1568 4942; baseline 0 2"><span class='ocrx_word' id='word_1_336' title='bbox 0 0 1568 4942; x_wconf 95' lang='lat' dir='ltr'><strong> </strong></span> 
     </span>
    </p>
   </div>
  </div>
 </body>
</html>
