<?xml version="1.0" encoding="UTF-8"?>
<!DOCTYPE html PUBLIC "-//W3C//DTD XHTML 1.0 Transitional//EN"
    "http://www.w3.org/TR/xhtml1/DTD/xhtml1-transitional.dtd">
<html xmlns="http://www.w3.org/1999/xhtml" xml:lang="en" lang="en">
 <head>
  <title>
</title>
<meta http-equiv="Content-Type" content="text/html;charset=utf-8" />
  <meta name='ocr-system' content='tesseract 3.04.00' />
  <meta name='ocr-capabilities' content='ocr_page ocr_carea ocr_par ocr_line ocrx_word'/>
</head>
<body>
  <div class='ocr_page' id='page_1' title='image "./dequintilianili00reutgoog_0017.png"; bbox 0 0 3128 4942; ppageno 0'>
   <div class='ocr_carea' id='block_1_1' title="bbox 764 258 784 322">
    <p class='ocr_par' dir='ltr' id='par_1_1' title="bbox 764 258 784 322">
     <span class='ocr_line' id='line_1_1' title="bbox 764 258 784 322; baseline 0 0"><span class='ocrx_word' id='word_1_1' title='bbox 764 258 784 322; x_wconf 88' lang='grc'><strong>6</strong></span> 
     </span>
    </p>
   </div>
   <div class='ocr_carea' id='block_1_2' title="bbox 679 347 887 355">
    <p class='ocr_par' dir='ltr' id='par_1_2' title="bbox 679 347 887 355">
     <span class='ocr_line' id='line_1_2' title="bbox 679 347 887 355; baseline 0.005 -1"><span class='ocrx_word' id='word_1_2' title='bbox 679 347 887 355; x_wconf 74' lang='lat'>——..—-</span> 
     </span>
    </p>
   </div>
   <div class='ocr_carea' id='block_1_3' title="bbox 166 449 1395 1614">
    <p class='ocr_par' dir='ltr' id='par_1_3' title="bbox 166 449 1394 752">
     <span class='ocr_line' id='line_1_3' title="bbox 166 449 1394 542; baseline 0 -24"><span class='ocrx_word' id='word_1_3' title='bbox 166 472 265 538; x_wconf 92' lang='lat' dir='ltr'><strong>saepe</strong></span> <span class='ocrx_word' id='word_1_4' title='bbox 288 451 480 518; x_wconf 84' lang='lat' dir='ltr'><strong>tractabitur</strong></span> <span class='ocrx_word' id='word_1_5' title='bbox 500 449 558 540; x_wconf 80' lang='lat' dir='ltr'><strong>[sic</strong></span> <span class='ocrx_word' id='word_1_6' title='bbox 573 453 647 536; x_wconf 86' lang='lat' dir='ltr'><strong>lego</strong></span> <span class='ocrx_word' id='word_1_7' title='bbox 664 472 735 519; x_wconf 94' lang='lat' dir='ltr'><strong>cum</strong></span> <span class='ocrx_word' id='word_1_8' title='bbox 748 451 889 538; x_wconf 81' lang='lat' dir='ltr'>Badio,</span> <span class='ocrx_word' id='word_1_9' title='bbox 913 457 1107 518; x_wconf 92' lang='lat' dir='ltr'><strong>tractatur</strong></span> <span class='ocrx_word' id='word_1_10' title='bbox 1121 451 1206 542; x_wconf 84' lang='lat' dir='ltr'><strong>libri]</strong></span> <span class='ocrx_word' id='word_1_11' title='bbox 1233 458 1264 518; x_wconf 92' lang='lat' dir='ltr'><strong>et</strong></span> <span class='ocrx_word' id='word_1_12' title='bbox 1288 451 1394 518; x_wconf 92' lang='lat' dir='ltr'><strong>adhuc</strong></span> 
     </span>
     <span class='ocr_line' id='line_1_4' title="bbox 166 558 1394 646; baseline -0.002 -19"><span class='ocrx_word' id='word_1_13' title='bbox 166 566 338 646; x_wconf 81' lang='lat' dir='ltr'><strong>spargetur</strong></span> <span class='ocrx_word' id='word_1_14' title='bbox 369 559 516 626; x_wconf 93' lang='lat' dir='ltr'><strong>omnibus</strong></span> <span class='ocrx_word' id='word_1_15' title='bbox 547 558 636 626; x_wconf 90' lang='lat' dir='ltr'><strong>locis.</strong></span> <span class='ocrx_word' id='word_1_16' title='bbox 695 559 864 643; x_wconf 89' lang='lat' dir='ltr'><strong>loquentes</strong></span> <span class='ocrx_word' id='word_1_17' title='bbox 897 559 982 626; x_wconf 94' lang='lat' dir='ltr'><strong>enim</strong></span> <span class='ocrx_word' id='word_1_18' title='bbox 1019 559 1061 626; x_wconf 91' lang='lat' dir='ltr'><strong>de</strong></span> <span class='ocrx_word' id='word_1_19' title='bbox 1098 566 1212 626; x_wconf 91' lang='lat' dir='ltr'><strong>ornatu</strong></span> <span class='ocrx_word' id='word_1_20' title='bbox 1249 560 1394 645; x_wconf 75' lang='lat' dir='ltr'>subinde,</span> 
     </span>
     <span class='ocr_line' id='line_1_5' title="bbox 166 666 1129 752; baseline 0.001 -20"><span class='ocrx_word' id='word_1_21' title='bbox 166 687 254 752; x_wconf 86' lang='lat' dir='ltr'><strong>quae</strong></span> <span class='ocrx_word' id='word_1_22' title='bbox 278 667 342 733; x_wconf 90' lang='lat' dir='ltr'><strong>sint</strong></span> <span class='ocrx_word' id='word_1_23' title='bbox 365 666 500 732; x_wconf 91' lang='lat' dir='ltr'><strong>uitanda</strong></span> <span class='ocrx_word' id='word_1_24' title='bbox 525 666 644 732; x_wconf 82' lang='lat' dir='ltr'><strong>similia</strong></span> <span class='ocrx_word' id='word_1_25' title='bbox 667 667 838 733; x_wconf 90' lang='lat' dir='ltr'><strong>uirtutibus</strong></span> <span class='ocrx_word' id='word_1_26' title='bbox 861 667 951 751; x_wconf 90' lang='lat' dir='ltr'><strong>uitia,</strong></span> <span class='ocrx_word' id='word_1_27' title='bbox 975 667 1129 734; x_wconf 89' lang='lat' dir='ltr'><strong>dicemus.</strong></span> 
     </span>
    </p>

    <p class='ocr_par' dir='ltr' id='par_1_4' title="bbox 166 774 1395 1614">
     <span class='ocr_line' id='line_1_6' title="bbox 254 774 1395 866; baseline 0 -27"><span class='ocrx_word' id='word_1_28' title='bbox 254 775 296 839; x_wconf 94' lang='lat' dir='ltr'><strong>In</strong></span> <span class='ocrx_word' id='word_1_29' title='bbox 319 775 398 840; x_wconf 90' lang='lat' dir='ltr'><strong>alio</strong></span> <span class='ocrx_word' id='word_1_30' title='bbox 423 795 540 861; x_wconf 92' lang='lat' dir='ltr'><strong>opere</strong></span> <span class='ocrx_word' id='word_1_31' title='bbox 564 781 597 840; x_wconf 92' lang='lat' dir='ltr'><strong>et</strong></span> <span class='ocrx_word' id='word_1_32' title='bbox 620 775 698 840; x_wconf 90' lang='lat' dir='ltr'><strong>alio</strong></span> <span class='ocrx_word' id='word_1_33' title='bbox 721 774 823 841; x_wconf 92' lang='lat' dir='ltr'><strong>libro</strong></span> <span class='ocrx_word' id='word_1_34' title='bbox 839 774 886 866; x_wconf 89' lang='lat' dir='ltr'><strong>ait</strong></span> <span class='ocrx_word' id='word_1_35' title='bbox 899 775 1036 841; x_wconf 86' lang='lat' dir='ltr'><strong>Fabius:</strong></span> <span class='ocrx_word' id='word_1_36' title='bbox 1061 775 1137 859; x_wconf 90' lang='lat' dir='ltr'><strong>quin</strong></span> <span class='ocrx_word' id='word_1_37' title='bbox 1153 775 1242 841; x_wconf 90' lang='lat' dir='ltr'><strong>dicat</strong></span> <span class='ocrx_word' id='word_1_38' title='bbox 1256 775 1395 841; x_wconf 92' lang='lat' dir='ltr'><strong>librum</strong></span> 
     </span>
     <span class='ocr_line' id='line_1_7' title="bbox 166 882 1395 968; baseline 0 -21"><span class='ocrx_word' id='word_1_39' title='bbox 166 882 212 949; x_wconf 91' lang='lat' dir='ltr'><strong>de</strong></span> <span class='ocrx_word' id='word_1_40' title='bbox 241 882 371 949; x_wconf 90' lang='lat' dir='ltr'><strong>causis</strong></span> <span class='ocrx_word' id='word_1_41' title='bbox 400 882 541 949; x_wconf 91' lang='lat' dir='ltr'><strong>dubitari</strong></span> <span class='ocrx_word' id='word_1_42' title='bbox 568 883 686 966; x_wconf 88' lang='lat' dir='ltr'><strong>nequit.</strong></span> <span class='ocrx_word' id='word_1_43' title='bbox 737 882 889 949; x_wconf 91' lang='lat' dir='ltr'><strong>emiserat</strong></span> <span class='ocrx_word' id='word_1_44' title='bbox 918 882 1002 947; x_wconf 91' lang='lat' dir='ltr'><strong>enim</strong></span> <span class='ocrx_word' id='word_1_45' title='bbox 1029 888 1159 968; x_wconf 92' lang='lat' dir='ltr'><strong>praeter</strong></span> <span class='ocrx_word' id='word_1_46' title='bbox 1187 882 1272 948; x_wconf 90' lang='lat' dir='ltr'><strong>buno</strong></span> <span class='ocrx_word' id='word_1_47' title='bbox 1299 902 1395 947; x_wconf 92' lang='lat' dir='ltr'><strong>unam</strong></span> 
     </span>
     <span class='ocr_line' id='line_1_8' title="bbox 166 986 1393 1076; baseline -0.003 -21"><span class='ocrx_word' id='word_1_48' title='bbox 166 989 345 1056; x_wconf 91' lang='lat' dir='ltr'><strong>orationem</strong></span> <span class='ocrx_word' id='word_1_49' title='bbox 377 990 411 1055; x_wconf 90' lang='lat' dir='ltr'><strong>in</strong></span> <span class='ocrx_word' id='word_1_50' title='bbox 443 1010 543 1056; x_wconf 90' lang='lat' dir='ltr'><strong>causa</strong></span> <span class='ocrx_word' id='word_1_51' title='bbox 574 990 691 1057; x_wconf 89' lang='lat' dir='ltr'><strong>Naeuii</strong></span> <span class='ocrx_word' id='word_1_52' title='bbox 723 989 893 1075; x_wconf 75' lang='lat' dir='ltr'><strong>Arpiniani</strong></span> <span class='ocrx_word' id='word_1_53' title='bbox 924 990 1070 1055; x_wconf 84' lang='lat' dir='ltr'><strong>habitam</strong></span> <span class='ocrx_word' id='word_1_54' title='bbox 1106 989 1156 1074; x_wconf 79' lang='lat' dir='ltr'><strong>(ef</strong></span> <span class='ocrx_word' id='word_1_55' title='bbox 1180 991 1241 1056; x_wconf 87' lang='lat' dir='ltr'><strong>VH</strong></span> <span class='ocrx_word' id='word_1_56' title='bbox 1268 993 1304 1074; x_wconf 82' lang='lat'><strong>2,</strong></span> <span class='ocrx_word' id='word_1_57' title='bbox 1328 986 1393 1076; x_wconf 81' lang='lat'>24).</span> 
     </span>
     <span class='ocr_line' id='line_1_9' title="bbox 167 1096 1394 1183; baseline 0 -21"><span class='ocrx_word' id='word_1_58' title='bbox 167 1097 248 1163; x_wconf 92' lang='lat' dir='ltr'><strong>duos</strong></span> <span class='ocrx_word' id='word_1_59' title='bbox 272 1117 358 1182; x_wconf 85' lang='lat' dir='ltr'><strong>uero,</strong></span> <span class='ocrx_word' id='word_1_60' title='bbox 383 1097 437 1181; x_wconf 92' lang='lat' dir='ltr'><strong>qui</strong></span> <span class='ocrx_word' id='word_1_61' title='bbox 461 1097 520 1163; x_wconf 91' lang='lat' dir='ltr'><strong>sub</strong></span> <span class='ocrx_word' id='word_1_62' title='bbox 545 1097 614 1164; x_wconf 90' lang='lat' dir='ltr'><strong>eius</strong></span> <span class='ocrx_word' id='word_1_63' title='bbox 630 1097 758 1163; x_wconf 89' lang='lat' dir='ltr'><strong>nomine</strong></span> <span class='ocrx_word' id='word_1_64' title='bbox 777 1097 971 1183; x_wconf 88' lang='lat' dir='ltr'><strong>ferebantur,</strong></span> <span class='ocrx_word' id='word_1_65' title='bbox 995 1097 1096 1164; x_wconf 92' lang='lat' dir='ltr'><strong>libros</strong></span> <span class='ocrx_word' id='word_1_66' title='bbox 1111 1097 1190 1164; x_wconf 91' lang='lat' dir='ltr'><strong>artis</strong></span> <span class='ocrx_word' id='word_1_67' title='bbox 1205 1096 1394 1180; x_wconf 89' lang='lat' dir='ltr'><strong>rhetoricae,</strong></span> 
     </span>
     <span class='ocr_line' id='line_1_10' title="bbox 167 1204 1395 1291; baseline -0.001 -21"><span class='ocrx_word' id='word_1_68' title='bbox 167 1225 187 1270; x_wconf 99' lang='lat' dir='ltr'><strong>a</strong></span> <span class='ocrx_word' id='word_1_69' title='bbox 201 1204 310 1291; x_wconf 90' lang='lat' dir='ltr'><strong>pueris</strong></span> <span class='ocrx_word' id='word_1_70' title='bbox 329 1206 473 1290; x_wconf 87' lang='lat' dir='ltr'><strong>alterum,</strong></span> <span class='ocrx_word' id='word_1_71' title='bbox 498 1205 634 1271; x_wconf 93' lang='lat' dir='ltr'><strong>alterum</strong></span> <span class='ocrx_word' id='word_1_72' title='bbox 657 1206 699 1272; x_wconf 93' lang='lat' dir='ltr'><strong>ab</strong></span> <span class='ocrx_word' id='word_1_73' title='bbox 714 1204 977 1272; x_wconf 79' lang='lat' dir='ltr'><strong>adulescentibus</strong></span> <span class='ocrx_word' id='word_1_74' title='bbox 998 1226 1037 1272; x_wconf 91' lang='lat' dir='ltr'><strong>ex</strong></span> <span class='ocrx_word' id='word_1_75' title='bbox 1052 1225 1201 1271; x_wconf 75' lang='lat' dir='ltr'><strong>sermone</strong></span> <span class='ocrx_word' id='word_1_76' title='bbox 1216 1211 1395 1290; x_wconf 86' lang='lat' dir='ltr'><strong>exceptum,</strong></span> 
     </span>
     <span class='ocr_line' id='line_1_11' title="bbox 166 1311 1394 1398; baseline -0.001 -21"><span class='ocrx_word' id='word_1_77' title='bbox 166 1333 230 1378; x_wconf 89' lang='lat' dir='ltr'><strong>non</strong></span> <span class='ocrx_word' id='word_1_78' title='bbox 259 1311 435 1396; x_wconf 82' lang='lat' dir='ltr'><strong>agnouisse</strong></span> <span class='ocrx_word' id='word_1_79' title='bbox 465 1311 663 1396; x_wconf 83' lang='lat' dir='ltr'><strong>intellegitur</strong></span> <span class='ocrx_word' id='word_1_80' title='bbox 691 1333 731 1378; x_wconf 91' lang='lat' dir='ltr'><strong>ex</strong></span> <span class='ocrx_word' id='word_1_81' title='bbox 757 1312 830 1398; x_wconf 92' lang='lat' dir='ltr'><strong>ipso</strong></span> <span class='ocrx_word' id='word_1_82' title='bbox 860 1332 922 1395; x_wconf 90' lang='lat' dir='ltr'><strong>quo</strong></span> <span class='ocrx_word' id='word_1_83' title='bbox 951 1311 1058 1377; x_wconf 87' lang='lat' dir='ltr'><strong>adfert</strong></span> <span class='ocrx_word' id='word_1_84' title='bbox 1080 1312 1185 1379; x_wconf 88' lang='lat' dir='ltr'><strong>modo.</strong></span> <span class='ocrx_word' id='word_1_85' title='bbox 1231 1312 1300 1377; x_wconf 88' lang='lat' dir='ltr'><strong>ch</strong></span> <span class='ocrx_word' id='word_1_86' title='bbox 1322 1332 1394 1397; x_wconf 92' lang='lat' dir='ltr'><strong>pro-</strong></span> 
     </span>
     <span class='ocr_line' id='line_1_12' title="bbox 167 1418 1395 1504; baseline 0 -19"><span class='ocrx_word' id='word_1_87' title='bbox 167 1440 238 1485; x_wconf 92' lang='lat' dir='ltr'><strong>oem</strong></span> <span class='ocrx_word' id='word_1_88' title='bbox 262 1423 281 1502; x_wconf 66' lang='grc' dir='ltr'>ξ</span> <span class='ocrx_word' id='word_1_89' title='bbox 307 1422 335 1486; x_wconf 82' lang='grc'><strong>7.</strong></span> <span class='ocrx_word' id='word_1_90' title='bbox 384 1418 495 1504; x_wconf 90' lang='lat' dir='ltr'><strong>itaque</strong></span> <span class='ocrx_word' id='word_1_91' title='bbox 523 1440 564 1485; x_wconf 89' lang='lat' dir='ltr'><strong>ne</strong></span> <span class='ocrx_word' id='word_1_92' title='bbox 592 1440 632 1486; x_wconf 86' lang='lat' dir='ltr'><strong>ex</strong></span> <span class='ocrx_word' id='word_1_93' title='bbox 662 1419 710 1486; x_wconf 94' lang='lat' dir='ltr'><strong>eis</strong></span> <span class='ocrx_word' id='word_1_94' title='bbox 739 1419 868 1503; x_wconf 90' lang='lat' dir='ltr'><strong>quidem</strong></span> <span class='ocrx_word' id='word_1_95' title='bbox 896 1419 930 1484; x_wconf 94' lang='lat' dir='ltr'><strong>in</strong></span> <span class='ocrx_word' id='word_1_96' title='bbox 957 1419 1195 1486; x_wconf 92' lang='lat' dir='ltr'><strong>Institutionem</strong></span> <span class='ocrx_word' id='word_1_97' title='bbox 1224 1419 1395 1504; x_wconf 89' lang='lat' dir='ltr'><strong>quicquam</strong></span> 
     </span>
     <span class='ocr_line' id='line_1_13' title="bbox 166 1525 509 1614; baseline 0 -21"><span class='ocrx_word' id='word_1_98' title='bbox 166 1527 272 1614; x_wconf 90' lang='lat' dir='ltr'><strong>potuit</strong></span> <span class='ocrx_word' id='word_1_99' title='bbox 294 1525 509 1606; x_wconf 55' lang='lat' dir='ltr'><strong>transferred)</strong></span> 
     </span>
    </p>
   </div>
   <div class='ocr_carea' id='block_1_4' title="bbox 167 1688 1399 4620">
    <p class='ocr_par' dir='ltr' id='par_1_5' title="bbox 167 1688 1399 4620">
     <span class='ocr_line' id='line_1_14' title="bbox 260 1688 1395 1757; baseline -0.001 -13"><span class='ocrx_word' id='word_1_100' title='bbox 260 1688 281 1757; x_wconf 76' lang='lat'><strong>²)</strong></span> <span class='ocrx_word' id='word_1_101' title='bbox 300 1689 521 1746; x_wconf 89' lang='lat' dir='ltr'><strong>Declamationes</strong></span> <span class='ocrx_word' id='word_1_102' title='bbox 540 1705 611 1756; x_wconf 92' lang='lat' dir='ltr'><strong>quae</strong></span> <span class='ocrx_word' id='word_1_103' title='bbox 629 1688 757 1744; x_wconf 84' lang='lat' dir='ltr'><strong>feruntur</strong></span> <span class='ocrx_word' id='word_1_104' title='bbox 775 1689 825 1743; x_wconf 92' lang='lat' dir='ltr'><strong>sub</strong></span> <span class='ocrx_word' id='word_1_105' title='bbox 844 1688 955 1745; x_wconf 88' lang='lat' dir='ltr'><strong>nomine</strong></span> <span class='ocrx_word' id='word_1_106' title='bbox 974 1689 1141 1756; x_wconf 80' lang='lat' dir='ltr'><strong>Quintiliani</strong></span> <span class='ocrx_word' id='word_1_107' title='bbox 1160 1689 1185 1743; x_wconf 88' lang='lat' dir='ltr'><strong>ei</strong></span> <span class='ocrx_word' id='word_1_108' title='bbox 1204 1688 1395 1744; x_wconf 84' lang='lat' dir='ltr'><strong>attribuendas</strong></span> 
     </span>
     <span class='ocr_line' id='line_1_15' title="bbox 167 1777 1396 1850; baseline 0 -16"><span class='ocrx_word' id='word_1_109' title='bbox 167 1797 225 1836; x_wconf 91' lang='lat' dir='ltr'><strong>esse</strong></span> <span class='ocrx_word' id='word_1_110' title='bbox 234 1779 402 1850; x_wconf 84' lang='lat' dir='ltr'><strong>negauerim.</strong></span> <span class='ocrx_word' id='word_1_111' title='bbox 421 1796 486 1834; x_wconf 90' lang='lat' dir='ltr'><strong>nam</strong></span> <span class='ocrx_word' id='word_1_112' title='bbox 496 1777 635 1833; x_wconf 90' lang='lat' dir='ltr'><strong>sententia</strong></span> <span class='ocrx_word' id='word_1_113' title='bbox 650 1777 670 1832; x_wconf 80' lang='lat' dir='ltr'><strong>c</strong></span> <span class='ocrx_word' id='word_1_114' title='bbox 683 1777 826 1843; x_wconf 89' lang='lat' dir='ltr'><strong>Ritteri,</strong></span> <span class='ocrx_word' id='word_1_115' title='bbox 841 1778 890 1846; x_wconf 92' lang='lat' dir='ltr'><strong>qui</strong></span> <span class='ocrx_word' id='word_1_116' title='bbox 899 1777 1016 1833; x_wconf 90' lang='lat' dir='ltr'><strong>minores</strong></span> <span class='ocrx_word' id='word_1_117' title='bbox 1026 1795 1118 1832; x_wconf 91' lang='lat' dir='ltr'><strong>omnes</strong></span> <span class='ocrx_word' id='word_1_118' title='bbox 1128 1778 1330 1845; x_wconf 88' lang='lat' dir='ltr'><strong>Quintilianeas</strong></span> <span class='ocrx_word' id='word_1_119' title='bbox 1339 1796 1396 1834; x_wconf 89' lang='lat' dir='ltr'><strong>esse</strong></span> 
     </span>
     <span class='ocr_line' id='line_1_16' title="bbox 167 1866 1396 1937; baseline 0.001 -15"><span class='ocrx_word' id='word_1_120' title='bbox 167 1869 269 1925; x_wconf 88' lang='lat' dir='ltr'><strong>statuit</strong></span> <span class='ocrx_word' id='word_1_121' title='bbox 286 1869 317 1923; x_wconf 92' lang='lat' dir='ltr'><strong>in</strong></span> <span class='ocrx_word' id='word_1_122' title='bbox 334 1868 405 1923; x_wconf 91' lang='lat' dir='ltr'><strong>libro</strong></span> <span class='ocrx_word' id='word_1_123' title='bbox 423 1867 483 1921; x_wconf 89' lang='lat' dir='ltr'><strong>Die</strong></span> <span class='ocrx_word' id='word_1_124' title='bbox 502 1866 817 1936; x_wconf 89' lang='lat' dir='ltr'><strong>quintilianisehen</strong></span> <span class='ocrx_word' id='word_1_125' title='bbox 835 1867 1114 1922; x_wconf 89' lang='lat' dir='ltr'><strong>Declamationen</strong></span> <span class='ocrx_word' id='word_1_126' title='bbox 1132 1867 1265 1937; x_wconf 90' lang='lat' dir='ltr'><strong>inscripto</strong></span> <span class='ocrx_word' id='word_1_127' title='bbox 1284 1867 1396 1937; x_wconf 86' lang='lat' dir='ltr'><strong>(prodiit</strong></span> 
     </span>
     <span class='ocr_line' id='line_1_17' title="bbox 167 1954 1395 2027; baseline -0.002 -14"><span class='ocrx_word' id='word_1_128' title='bbox 167 1959 238 2014; x_wconf 87' lang='lat' dir='ltr'><strong>liber</strong></span> <span class='ocrx_word' id='word_1_129' title='bbox 256 1957 384 2027; x_wconf 83' lang='lat' dir='ltr'><strong>Friburgi</strong></span> <span class='ocrx_word' id='word_1_130' title='bbox 403 1960 431 2011; x_wconf 92' lang='lat' dir='ltr'><strong>et</strong></span> <span class='ocrx_word' id='word_1_131' title='bbox 450 1954 604 2026; x_wconf 85' lang='lat' dir='ltr'><strong>Tubingiae</strong></span> <span class='ocrx_word' id='word_1_132' title='bbox 624 1955 703 2024; x_wconf 88' lang='lat'>1881)</span> <span class='ocrx_word' id='word_1_133' title='bbox 726 1956 810 2024; x_wconf 88' lang='lat' dir='ltr'><strong>plane</strong></span> <span class='ocrx_word' id='word_1_134' title='bbox 833 1955 944 2010; x_wconf 89' lang='lat' dir='ltr'><strong>uidetur</strong></span> <span class='ocrx_word' id='word_1_135' title='bbox 966 1956 1114 2026; x_wconf 85' lang='lat' dir='ltr'><strong>profligata</strong></span> <span class='ocrx_word' id='word_1_136' title='bbox 1136 1974 1193 2012; x_wconf 91' lang='lat' dir='ltr'><strong>esse</strong></span> <span class='ocrx_word' id='word_1_137' title='bbox 1216 1958 1251 2012; x_wconf 90' lang='lat' dir='ltr'><strong>ab</strong></span> <span class='ocrx_word' id='word_1_138' title='bbox 1274 1957 1299 2011; x_wconf 85' lang='grc' dir='ltr'><strong>Α</strong></span> <span class='ocrx_word' id='word_1_139' title='bbox 1318 1957 1395 2012; x_wconf 77' lang='lat' dir='ltr'><strong>&#39;Ire-</strong></span> 
     </span>
     <span class='ocr_line' id='line_1_18' title="bbox 167 2044 1396 2117; baseline -0.001 -14"><span class='ocrx_word' id='word_1_140' title='bbox 167 2047 310 2103; x_wconf 90' lang='lat' dir='ltr'><strong>bandtio</strong></span> <span class='ocrx_word' id='word_1_141' title='bbox 328 2045 520 2100; x_wconf 88' lang='lat' dir='ltr'><strong>dissertatione</strong></span> <span class='ocrx_word' id='word_1_142' title='bbox 539 2044 777 2114; x_wconf 81' lang='lat' dir='ltr'><strong>Gryphiswaldiac</strong></span> <span class='ocrx_word' id='word_1_143' title='bbox 796 2063 869 2100; x_wconf 90' lang='lat' dir='ltr'><strong>anno</strong></span> <span class='ocrx_word' id='word_1_144' title='bbox 889 2045 957 2100; x_wconf 85' lang='grc'><strong>1883</strong></span> <span class='ocrx_word' id='word_1_145' title='bbox 982 2045 1090 2101; x_wconf 77' lang='lat' dir='ltr'><strong>emissa.</strong></span> <span class='ocrx_word' id='word_1_146' title='bbox 1125 2046 1251 2101; x_wconf 90' lang='lat' dir='ltr'><strong>Ritterus</strong></span> <span class='ocrx_word' id='word_1_147' title='bbox 1269 2046 1396 2117; x_wconf 79' lang='lat' dir='ltr'><strong>deinceps</strong></span> 
     </span>
     <span class='ocr_line' id='line_1_19' title="bbox 169 2134 1396 2206; baseline 0 -15"><span class='ocrx_word' id='word_1_148' title='bbox 169 2155 241 2192; x_wconf 91' lang='lat' dir='ltr'><strong>anno</strong></span> <span class='ocrx_word' id='word_1_149' title='bbox 263 2137 338 2200; x_wconf 85' lang='grc'>1884,</span> <span class='ocrx_word' id='word_1_150' title='bbox 364 2153 418 2204; x_wconf 92' lang='lat' dir='ltr'><strong>quo</strong></span> <span class='ocrx_word' id='word_1_151' title='bbox 437 2135 495 2189; x_wconf 89' lang='lat' dir='ltr'><strong>eius</strong></span> <span class='ocrx_word' id='word_1_152' title='bbox 514 2134 623 2190; x_wconf 91' lang='lat' dir='ltr'><strong>editio</strong></span> <span class='ocrx_word' id='word_1_153' title='bbox 640 2134 807 2189; x_wconf 90' lang='lat' dir='ltr'><strong>minorum</strong></span> <span class='ocrx_word' id='word_1_154' title='bbox 826 2135 1115 2190; x_wconf 87' lang='lat' dir='ltr'><strong>declamationum</strong></span> <span class='ocrx_word' id='word_1_155' title='bbox 1134 2140 1175 2191; x_wconf 90' lang='lat' dir='ltr'><strong>est</strong></span> <span class='ocrx_word' id='word_1_156' title='bbox 1193 2136 1343 2206; x_wconf 88' lang='lat' dir='ltr'><strong>publicata,</strong></span> <span class='ocrx_word' id='word_1_157' title='bbox 1365 2136 1396 2191; x_wconf 91' lang='lat' dir='ltr'><strong>in</strong></span> 
     </span>
     <span class='ocr_line' id='line_1_20' title="bbox 168 2224 1397 2297; baseline 0.001 -17"><span class='ocrx_word' id='word_1_158' title='bbox 168 2226 349 2297; x_wconf 85' lang='lat' dir='ltr'><strong>praefationis</strong></span> <span class='ocrx_word' id='word_1_159' title='bbox 367 2244 405 2295; x_wconf 91' lang='lat' dir='ltr'><strong>pp</strong></span> <span class='ocrx_word' id='word_1_160' title='bbox 419 2225 521 2280; x_wconf 80' lang='lat' dir='ltr'><strong>III-V</strong></span> <span class='ocrx_word' id='word_1_161' title='bbox 536 2224 617 2294; x_wconf 90' lang='lat' dir='ltr'><strong>quasi</strong></span> <span class='ocrx_word' id='word_1_162' title='bbox 634 2242 676 2279; x_wconf 90' lang='lat' dir='ltr'><strong>res</strong></span> <span class='ocrx_word' id='word_1_163' title='bbox 691 2227 761 2280; x_wconf 88' lang='lat' dir='ltr'><strong>esset</strong></span> <span class='ocrx_word' id='word_1_164' title='bbox 775 2225 927 2295; x_wconf 86' lang='lat' dir='ltr'><strong>perspicua,</strong></span> <span class='ocrx_word' id='word_1_165' title='bbox 946 2225 1062 2281; x_wconf 90' lang='lat' dir='ltr'><strong>inuenta</strong></span> <span class='ocrx_word' id='word_1_166' title='bbox 1076 2244 1126 2280; x_wconf 90' lang='lat' dir='ltr'><strong>sua</strong></span> <span class='ocrx_word' id='word_1_167' title='bbox 1139 2225 1279 2296; x_wconf 89' lang='lat' dir='ltr'><strong>repetiuit.</strong></span> <span class='ocrx_word' id='word_1_168' title='bbox 1307 2244 1397 2296; x_wconf 89' lang='lat' dir='ltr'><strong>neque</strong></span> 
     </span>
     <span class='ocr_line' id='line_1_21' title="bbox 169 2314 1395 2386; baseline 0.002 -17"><span class='ocrx_word' id='word_1_169' title='bbox 169 2314 357 2370; x_wconf 87' lang='lat' dir='ltr'><strong>aduersarium</strong></span> <span class='ocrx_word' id='word_1_170' title='bbox 375 2314 507 2380; x_wconf 83' lang='lat' dir='ltr'><strong>refellere,</strong></span> <span class='ocrx_word' id='word_1_171' title='bbox 533 2314 556 2368; x_wconf 92' lang='lat' dir='ltr'><strong>si</strong></span> <span class='ocrx_word' id='word_1_172' title='bbox 579 2314 691 2383; x_wconf 93' lang='lat' dir='ltr'><strong>quidem</strong></span> <span class='ocrx_word' id='word_1_173' title='bbox 714 2317 813 2384; x_wconf 87' lang='lat' dir='ltr'><strong>posset,</strong></span> <span class='ocrx_word' id='word_1_174' title='bbox 841 2332 931 2383; x_wconf 89' lang='lat' dir='ltr'><strong>neque</strong></span> <span class='ocrx_word' id='word_1_175' title='bbox 953 2332 1026 2370; x_wconf 91' lang='lat' dir='ltr'><strong>noua</strong></span> <span class='ocrx_word' id='word_1_176' title='bbox 1049 2315 1083 2370; x_wconf 92' lang='lat' dir='ltr'><strong>de</strong></span> <span class='ocrx_word' id='word_1_177' title='bbox 1101 2333 1150 2370; x_wconf 91' lang='lat' dir='ltr'><strong>suo</strong></span> <span class='ocrx_word' id='word_1_178' title='bbox 1168 2319 1334 2386; x_wconf 82' lang='lat' dir='ltr'><strong>argumenta</strong></span> <span class='ocrx_word' id='word_1_179' title='bbox 1352 2335 1395 2371; x_wconf 88' lang='lat' dir='ltr'><strong>ex-</strong></span> 
     </span>
     <span class='ocr_line' id='line_1_22' title="bbox 170 2404 1397 2476; baseline -0.001 -16"><span class='ocrx_word' id='word_1_180' title='bbox 170 2405 293 2475; x_wconf 84' lang='lat' dir='ltr'><strong>cogitare</strong></span> <span class='ocrx_word' id='word_1_181' title='bbox 321 2408 370 2460; x_wconf 88' lang='lat' dir='ltr'><strong>aut</strong></span> <span class='ocrx_word' id='word_1_182' title='bbox 398 2422 532 2474; x_wconf 85' lang='lat' dir='ltr'><strong>exponere</strong></span> <span class='ocrx_word' id='word_1_183' title='bbox 554 2405 636 2459; x_wconf 90' lang='lat' dir='ltr'><strong>homo</strong></span> <span class='ocrx_word' id='word_1_184' title='bbox 660 2404 755 2459; x_wconf 91' lang='lat' dir='ltr'><strong>doctus</strong></span> <span class='ocrx_word' id='word_1_185' title='bbox 783 2407 825 2459; x_wconf 90' lang='lat' dir='ltr'><strong>est</strong></span> <span class='ocrx_word' id='word_1_186' title='bbox 852 2404 992 2474; x_wconf 82' lang='lat' dir='ltr'><strong>dignatus.</strong></span> <span class='ocrx_word' id='word_1_187' title='bbox 1031 2405 1217 2461; x_wconf 78' lang='lat' dir='ltr'><strong>Trabandtius</strong></span> <span class='ocrx_word' id='word_1_188' title='bbox 1239 2405 1328 2476; x_wconf 82' lang='lat' dir='ltr'><strong>igibur</strong></span> <span class='ocrx_word' id='word_1_189' title='bbox 1350 2406 1397 2460; x_wconf 95' lang='lat' dir='ltr'><strong>ld</strong></span> 
     </span>
     <span class='ocr_line' id='line_1_23' title="bbox 170 2494 1397 2564; baseline 0.001 -16"><span class='ocrx_word' id='word_1_190' title='bbox 170 2495 343 2550; x_wconf 88' lang='lat' dir='ltr'><strong>demonstrat</strong></span> <span class='ocrx_word' id='word_1_191' title='bbox 367 2495 406 2560; x_wconf 90' lang='lat' dir='ltr'><strong>(cf</strong></span> <span class='ocrx_word' id='word_1_192' title='bbox 426 2494 545 2550; x_wconf 88' lang='lat' dir='ltr'><strong>maxime</strong></span> <span class='ocrx_word' id='word_1_193' title='bbox 568 2513 606 2564; x_wconf 91' lang='lat' dir='ltr'><strong>pp</strong></span> <span class='ocrx_word' id='word_1_194' title='bbox 632 2494 746 2560; x_wconf 79' lang='lat'><strong>17-32)</strong></span> <span class='ocrx_word' id='word_1_195' title='bbox 771 2511 802 2549; x_wconf 86' lang='lat' dir='ltr'><strong>eo</strong></span> <span class='ocrx_word' id='word_1_196' title='bbox 826 2494 900 2562; x_wconf 91' lang='lat' dir='ltr'><strong>quod</strong></span> <span class='ocrx_word' id='word_1_197' title='bbox 917 2495 1095 2550; x_wconf 88' lang='lat' dir='ltr'><strong>Institutonis</strong></span> <span class='ocrx_word' id='word_1_198' title='bbox 1118 2499 1146 2550; x_wconf 92' lang='lat' dir='ltr'><strong>et</strong></span> <span class='ocrx_word' id='word_1_199' title='bbox 1165 2496 1397 2552; x_wconf 87' lang='lat' dir='ltr'><strong>declamationum</strong></span> 
     </span>
     <span class='ocr_line' id='line_1_24' title="bbox 171 2582 1398 2654; baseline 0.001 -15"><span class='ocrx_word' id='word_1_200' title='bbox 171 2586 243 2640; x_wconf 90' lang='lat' dir='ltr'><strong>locos</strong></span> <span class='ocrx_word' id='word_1_201' title='bbox 261 2585 334 2640; x_wconf 89' lang='lat' dir='ltr'><strong>inter</strong></span> <span class='ocrx_word' id='word_1_202' title='bbox 353 2601 381 2639; x_wconf 92' lang='lat' dir='ltr'><strong>sc</strong></span> <span class='ocrx_word' id='word_1_203' title='bbox 399 2584 587 2653; x_wconf 88' lang='lat' dir='ltr'><strong>conspirantes</strong></span> <span class='ocrx_word' id='word_1_204' title='bbox 606 2583 755 2638; x_wconf 89' lang='lat' dir='ltr'><strong>contulerit</strong></span> <span class='ocrx_word' id='word_1_205' title='bbox 773 2582 898 2638; x_wconf 87' lang='lat' dir='ltr'><strong>Ritterus</strong></span> <span class='ocrx_word' id='word_1_206' title='bbox 916 2602 971 2639; x_wconf 92' lang='lat' dir='ltr'><strong>non</strong></span> <span class='ocrx_word' id='word_1_207' title='bbox 990 2601 1122 2654; x_wconf 88' lang='lat' dir='ltr'><strong>apparere</strong></span> <span class='ocrx_word' id='word_1_208' title='bbox 1140 2585 1262 2640; x_wconf 89' lang='lat' dir='ltr'><strong>eiusdem</strong></span> <span class='ocrx_word' id='word_1_209' title='bbox 1280 2585 1398 2640; x_wconf 87' lang='lat' dir='ltr'><strong>auctoris</strong></span> 
     </span>
     <span class='ocr_line' id='line_1_25' title="bbox 170 2671 1398 2742; baseline -0.001 -12"><span class='ocrx_word' id='word_1_210' title='bbox 170 2692 226 2730; x_wconf 89' lang='lat' dir='ltr'><strong>esse</strong></span> <span class='ocrx_word' id='word_1_211' title='bbox 245 2673 461 2730; x_wconf 78' lang='lat' dir='ltr'><strong>declamationes</strong></span> <span class='ocrx_word' id='word_1_212' title='bbox 480 2677 565 2741; x_wconf 88' lang='lat' dir='ltr'><strong>atque</strong></span> <span class='ocrx_word' id='word_1_213' title='bbox 582 2671 799 2728; x_wconf 90' lang='lat' dir='ltr'><strong>Institutionem.</strong></span> <span class='ocrx_word' id='word_1_214' title='bbox 831 2691 897 2728; x_wconf 91' lang='lat' dir='ltr'><strong>nam</strong></span> <span class='ocrx_word' id='word_1_215' title='bbox 915 2691 989 2742; x_wconf 90' lang='lat' dir='ltr'><strong>quae</strong></span> <span class='ocrx_word' id='word_1_216' title='bbox 1008 2673 1165 2728; x_wconf 90' lang='lat' dir='ltr'><strong>communia</strong></span> <span class='ocrx_word' id='word_1_217' title='bbox 1183 2673 1239 2728; x_wconf 90' lang='lat' dir='ltr'><strong>sint</strong></span> <span class='ocrx_word' id='word_1_218' title='bbox 1253 2674 1398 2742; x_wconf 90' lang='lat' dir='ltr'><strong>utriusque</strong></span> 
     </span>
     <span class='ocr_line' id='line_1_26' title="bbox 169 2761 1397 2832; baseline -0.001 -14"><span class='ocrx_word' id='word_1_219' title='bbox 169 2763 233 2818; x_wconf 89' lang='lat' dir='ltr'><strong>libri</strong></span> <span class='ocrx_word' id='word_1_220' title='bbox 251 2781 306 2818; x_wconf 92' lang='lat' dir='ltr'><strong>non</strong></span> <span class='ocrx_word' id='word_1_221' title='bbox 324 2763 436 2832; x_wconf 91' lang='lat' dir='ltr'><strong>propria</strong></span> <span class='ocrx_word' id='word_1_222' title='bbox 450 2780 507 2817; x_wconf 89' lang='lat' dir='ltr'><strong>esse</strong></span> <span class='ocrx_word' id='word_1_223' title='bbox 520 2762 608 2827; x_wconf 83' lang='lat' dir='ltr'><strong>Fabii,</strong></span> <span class='ocrx_word' id='word_1_224' title='bbox 628 2762 676 2817; x_wconf 92' lang='lat' dir='ltr'><strong>sed</strong></span> <span class='ocrx_word' id='word_1_225' title='bbox 693 2761 795 2832; x_wconf 89' lang='lat' dir='ltr'><strong>passim</strong></span> <span class='ocrx_word' id='word_1_226' title='bbox 813 2762 934 2818; x_wconf 90' lang='lat' dir='ltr'><strong>inueniri</strong></span> <span class='ocrx_word' id='word_1_227' title='bbox 953 2763 1028 2832; x_wconf 90' lang='lat' dir='ltr'><strong>apud</strong></span> <span class='ocrx_word' id='word_1_228' title='bbox 1046 2762 1114 2817; x_wconf 92' lang='lat' dir='ltr'><strong>alios</strong></span> <span class='ocrx_word' id='word_1_229' title='bbox 1131 2780 1239 2831; x_wconf 90' lang='lat' dir='ltr'><strong>quoque</strong></span> <span class='ocrx_word' id='word_1_230' title='bbox 1253 2762 1397 2832; x_wconf 89' lang='lat' dir='ltr'><strong>scriptores</strong></span> 
     </span>
     <span class='ocr_line' id='line_1_27' title="bbox 168 2851 1399 2920; baseline 0 -14"><span class='ocrx_word' id='word_1_231' title='bbox 168 2853 326 2918; x_wconf 86' lang='lat' dir='ltr'><strong>rhetoricos,</strong></span> <span class='ocrx_word' id='word_1_232' title='bbox 341 2852 506 2917; x_wconf 82' lang='lat' dir='ltr'><strong>Ciceronem,</strong></span> <span class='ocrx_word' id='word_1_233' title='bbox 522 2851 703 2917; x_wconf 81' lang='lat' dir='ltr'><strong>Comificium,</strong></span> <span class='ocrx_word' id='word_1_234' title='bbox 718 2852 857 2918; x_wconf 83' lang='lat' dir='ltr'><strong>Senecam,</strong></span> <span class='ocrx_word' id='word_1_235' title='bbox 876 2853 999 2907; x_wconf 88' lang='lat' dir='ltr'><strong>rhetores</strong></span> <span class='ocrx_word' id='word_1_236' title='bbox 1016 2852 1144 2909; x_wconf 88' lang='lat' dir='ltr'><strong>minores.</strong></span> <span class='ocrx_word' id='word_1_237' title='bbox 1181 2852 1307 2908; x_wconf 87' lang='lat' dir='ltr'><strong>accedere</strong></span> <span class='ocrx_word' id='word_1_238' title='bbox 1325 2853 1399 2920; x_wconf 90' lang='lat' dir='ltr'><strong>quod</strong></span> 
     </span>
     <span class='ocr_line' id='line_1_28' title="bbox 168 2941 1398 3008; baseline 0 -12"><span class='ocrx_word' id='word_1_239' title='bbox 168 2942 302 2998; x_wconf 90' lang='lat' dir='ltr'><strong>materiae</strong></span> <span class='ocrx_word' id='word_1_240' title='bbox 319 2942 349 2996; x_wconf 89' lang='lat' dir='ltr'><strong>in</strong></span> <span class='ocrx_word' id='word_1_241' title='bbox 368 2941 614 2997; x_wconf 85' lang='lat' dir='ltr'><strong>declamationibus</strong></span> <span class='ocrx_word' id='word_1_242' title='bbox 632 2944 787 2997; x_wconf 85' lang='lat' dir='ltr'><strong>tractentur</strong></span> <span class='ocrx_word' id='word_1_243' title='bbox 810 2959 827 2996; x_wconf 93' lang='lat' dir='ltr'><strong>a</strong></span> <span class='ocrx_word' id='word_1_244' title='bbox 850 2941 1023 3008; x_wconf 90' lang='lat' dir='ltr'><strong>Quintiliano</strong></span> <span class='ocrx_word' id='word_1_245' title='bbox 1046 2942 1077 2995; x_wconf 92' lang='lat' dir='ltr'><strong>in</strong></span> <span class='ocrx_word' id='word_1_246' title='bbox 1100 2941 1280 2997; x_wconf 88' lang='lat' dir='ltr'><strong>Institutione</strong></span> <span class='ocrx_word' id='word_1_247' title='bbox 1302 2941 1398 2996; x_wconf 88' lang='lat' dir='ltr'><strong>irrisae</strong></span> 
     </span>
     <span class='ocr_line' id='line_1_29' title="bbox 169 3031 1398 3102; baseline -0.002 -14"><span class='ocrx_word' id='word_1_248' title='bbox 169 3036 198 3088; x_wconf 91' lang='lat' dir='ltr'><strong>et</strong></span> <span class='ocrx_word' id='word_1_249' title='bbox 220 3032 347 3102; x_wconf 85' lang='lat' dir='ltr'><strong>explosae</strong></span> <span class='ocrx_word' id='word_1_250' title='bbox 370 3034 454 3100; x_wconf 89' lang='lat' dir='ltr'><strong>atque</strong></span> <span class='ocrx_word' id='word_1_251' title='bbox 472 3031 562 3100; x_wconf 91' lang='lat' dir='ltr'><strong>ipsam</strong></span> <span class='ocrx_word' id='word_1_252' title='bbox 580 3031 776 3086; x_wconf 88' lang='lat' dir='ltr'><strong>tractationem</strong></span> <span class='ocrx_word' id='word_1_253' title='bbox 794 3031 997 3101; x_wconf 88' lang='lat' dir='ltr'><strong>ineptissimam</strong></span> <span class='ocrx_word' id='word_1_254' title='bbox 1020 3048 1077 3087; x_wconf 89' lang='lat' dir='ltr'><strong>esse</strong></span> <span class='ocrx_word' id='word_1_255' title='bbox 1095 3032 1133 3085; x_wconf 85' lang='lat' dir='ltr'><strong>Tr</strong></span> <span class='ocrx_word' id='word_1_256' title='bbox 1150 3031 1246 3087; x_wconf 89' lang='lat' dir='ltr'><strong>multis</strong></span> <span class='ocrx_word' id='word_1_257' title='bbox 1265 3032 1332 3086; x_wconf 92' lang='lat' dir='ltr'><strong>locis</strong></span> <span class='ocrx_word' id='word_1_258' title='bbox 1351 3032 1398 3086; x_wconf 88' lang='lat' dir='ltr'><strong>ad·</strong></span> 
     </span>
     <span class='ocr_line' id='line_1_30' title="bbox 169 3120 1398 3190; baseline -0.001 -14"><span class='ocrx_word' id='word_1_259' title='bbox 169 3123 235 3177; x_wconf 90' lang='lat' dir='ltr'><strong>latis</strong></span> <span class='ocrx_word' id='word_1_260' title='bbox 254 3120 383 3176; x_wconf 87' lang='lat' dir='ltr'><strong>ostendit.</strong></span> <span class='ocrx_word' id='word_1_261' title='bbox 402 3150 437 3158; x_wconf 91' lang='lat'>—</span> <span class='ocrx_word' id='word_1_262' title='bbox 456 3137 489 3174; x_wconf 91' lang='lat' dir='ltr'><strong>ex</strong></span> <span class='ocrx_word' id='word_1_263' title='bbox 507 3120 753 3176; x_wconf 87' lang='lat' dir='ltr'><strong>declamationibus</strong></span> <span class='ocrx_word' id='word_1_264' title='bbox 772 3121 922 3176; x_wconf 90' lang='lat' dir='ltr'><strong>maioribus</strong></span> <span class='ocrx_word' id='word_1_265' title='bbox 941 3121 1064 3190; x_wconf 90' lang='lat' dir='ltr'><strong>quinque</strong></span> <span class='ocrx_word' id='word_1_266' title='bbox 1082 3121 1144 3176; x_wconf 90' lang='lat' dir='ltr'><strong>has:</strong></span> <span class='ocrx_word' id='word_1_267' title='bbox 1171 3121 1212 3175; x_wconf 93' lang='lat' dir='ltr'><strong>III</strong></span> <span class='ocrx_word' id='word_1_268' title='bbox 1231 3121 1271 3175; x_wconf 87' lang='lat' dir='ltr'><strong>VI</strong></span> <span class='ocrx_word' id='word_1_269' title='bbox 1289 3122 1327 3175; x_wconf 91' lang='lat' dir='ltr'><strong>IX</strong></span> <span class='ocrx_word' id='word_1_270' title='bbox 1346 3122 1398 3175; x_wconf 85' lang='lat' dir='ltr'><strong>XII</strong></span> 
     </span>
     <span class='ocr_line' id='line_1_31' title="bbox 169 3209 1399 3280; baseline 0.001 -14"><span class='ocrx_word' id='word_1_271' title='bbox 169 3212 236 3266; x_wconf 91' lang='lat' dir='ltr'><strong>XIII</strong></span> <span class='ocrx_word' id='word_1_272' title='bbox 259 3211 296 3273; x_wconf 81' lang='lat' dir='ltr'><strong>(ct</strong></span> <span class='ocrx_word' id='word_1_273' title='bbox 318 3230 337 3280; x_wconf 96' lang='lat' dir='ltr'><strong>p</strong></span> <span class='ocrx_word' id='word_1_274' title='bbox 360 3209 423 3276; x_wconf 81' lang='lat'><strong>203)</strong></span> <span class='ocrx_word' id='word_1_275' title='bbox 447 3210 590 3280; x_wconf 84' lang='lat' dir='ltr'><strong>genuinas,</strong></span> <span class='ocrx_word' id='word_1_276' title='bbox 615 3213 718 3266; x_wconf 88' lang='lat' dir='ltr'><strong>ceteras</strong></span> <span class='ocrx_word' id='word_1_277' title='bbox 741 3211 847 3280; x_wconf 87' lang='lat' dir='ltr'><strong>spurias</strong></span> <span class='ocrx_word' id='word_1_278' title='bbox 866 3227 923 3265; x_wconf 91' lang='lat' dir='ltr'><strong>esse</strong></span> <span class='ocrx_word' id='word_1_279' title='bbox 941 3211 1066 3265; x_wconf 87' lang='lat' dir='ltr'><strong>Ritterus</strong></span> <span class='ocrx_word' id='word_1_280' title='bbox 1085 3214 1184 3266; x_wconf 90' lang='lat' dir='ltr'><strong>censet.</strong></span> <span class='ocrx_word' id='word_1_281' title='bbox 1222 3211 1269 3266; x_wconf 90' lang='lat' dir='ltr'><strong>scd</strong></span> <span class='ocrx_word' id='word_1_282' title='bbox 1288 3212 1399 3267; x_wconf 91' lang='lat' dir='ltr'><strong>omnino</strong></span> 
     </span>
     <span class='ocr_line' id='line_1_32' title="bbox 170 3299 1399 3369; baseline 0.002 -14"><span class='ocrx_word' id='word_1_283' title='bbox 170 3300 383 3357; x_wconf 87' lang='lat' dir='ltr'><strong>declamationes</strong></span> <span class='ocrx_word' id='word_1_284' title='bbox 401 3318 418 3355; x_wconf 90' lang='lat' dir='ltr'><strong>a</strong></span> <span class='ocrx_word' id='word_1_285' title='bbox 437 3299 610 3367; x_wconf 91' lang='lat' dir='ltr'><strong>Quintiliano</strong></span> <span class='ocrx_word' id='word_1_286' title='bbox 629 3301 718 3355; x_wconf 90' lang='lat' dir='ltr'><strong>editas</strong></span> <span class='ocrx_word' id='word_1_287' title='bbox 741 3317 798 3354; x_wconf 91' lang='lat' dir='ltr'><strong>esse</strong></span> <span class='ocrx_word' id='word_1_288' title='bbox 821 3299 902 3355; x_wconf 94' lang='lat' dir='ltr'><strong>homo</strong></span> <span class='ocrx_word' id='word_1_289' title='bbox 921 3299 1016 3354; x_wconf 91' lang='lat' dir='ltr'><strong>doctus</strong></span> <span class='ocrx_word' id='word_1_290' title='bbox 1034 3300 1093 3369; x_wconf 89' lang='lat' dir='ltr'><strong>ipse</strong></span> <span class='ocrx_word' id='word_1_291' title='bbox 1112 3317 1197 3369; x_wconf 87' lang='lat' dir='ltr'><strong>quam</strong></span> <span class='ocrx_word' id='word_1_292' title='bbox 1216 3301 1336 3356; x_wconf 84' lang='lat' dir='ltr'><strong>maxime</strong></span> <span class='ocrx_word' id='word_1_293' title='bbox 1360 3302 1399 3357; x_wconf 91' lang='lat' dir='ltr'><strong>eis</strong></span> 
     </span>
     <span class='ocr_line' id='line_1_33' title="bbox 169 3388 1399 3460; baseline 0.001 -16"><span class='ocrx_word' id='word_1_294' title='bbox 169 3390 338 3460; x_wconf 88' lang='lat' dir='ltr'><strong>improbauit</strong></span> <span class='ocrx_word' id='word_1_295' title='bbox 357 3407 428 3458; x_wconf 83' lang='lat' dir='ltr'><strong>quae</strong></span> <span class='ocrx_word' id='word_1_296' title='bbox 447 3389 518 3443; x_wconf 89' lang='lat' dir='ltr'><strong>dixit</strong></span> <span class='ocrx_word' id='word_1_297' title='bbox 542 3408 561 3458; x_wconf 96' lang='lat' dir='ltr'><strong>p</strong></span> <span class='ocrx_word' id='word_1_298' title='bbox 579 3389 644 3442; x_wconf 80' lang='lat'>216:</span> <span class='ocrx_word' id='word_1_299' title='bbox 664 3390 699 3443; x_wconf 85' lang='lat' dir='ltr'><strong>Es</strong></span> <span class='ocrx_word' id='word_1_300' title='bbox 718 3389 756 3442; x_wconf 90' lang='lat' dir='ltr'><strong>ist</strong></span> <span class='ocrx_word' id='word_1_301' title='bbox 774 3406 845 3458; x_wconf 84' lang='lat' dir='ltr'><strong>ganz</strong></span> <span class='ocrx_word' id='word_1_302' title='bbox 863 3388 969 3458; x_wconf 82' lang='lat' dir='ltr'><strong>gewiss,</strong></span> <span class='ocrx_word' id='word_1_303' title='bbox 994 3406 1075 3443; x_wconf 88' lang='lat' dir='ltr'><strong>wenn</strong></span> <span class='ocrx_word' id='word_1_304' title='bbox 1093 3389 1167 3445; x_wconf 89' lang='lat' dir='ltr'><strong>diese</strong></span> <span class='ocrx_word' id='word_1_305' title='bbox 1186 3390 1288 3446; x_wconf 84' lang='lat' dir='ltr'><strong>Stiiclre</strong></span> <span class='ocrx_word' id='word_1_306' title='bbox 1307 3391 1399 3458; x_wconf 88' lang='lat' dir='ltr'><strong>vonQ</strong></span> 
     </span>
     <span class='ocr_line' id='line_1_34' title="bbox 170 3477 1399 3548; baseline 0 -14"><span class='ocrx_word' id='word_1_307' title='bbox 170 3481 319 3535; x_wconf 82' lang='lat' dir='ltr'><strong>herriihrcn</strong></span> <span class='ocrx_word' id='word_1_308' title='bbox 337 3479 395 3533; x_wconf 92' lang='lat' dir='ltr'><strong>und</strong></span> <span class='ocrx_word' id='word_1_309' title='bbox 408 3497 457 3533; x_wconf 90' lang='lat' dir='ltr'><strong>vor</strong></span> <span class='ocrx_word' id='word_1_310' title='bbox 471 3479 519 3533; x_wconf 91' lang='lat' dir='ltr'><strong>der</strong></span> <span class='ocrx_word' id='word_1_311' title='bbox 531 3479 709 3548; x_wconf 82' lang='lat' dir='ltr'><strong>Herausgebe</strong></span> <span class='ocrx_word' id='word_1_312' title='bbox 724 3478 771 3533; x_wconf 90' lang='lat' dir='ltr'><strong>der</strong></span> <span class='ocrx_word' id='word_1_313' title='bbox 786 3477 930 3533; x_wconf 89' lang='lat' dir='ltr'><strong>Institutio</strong></span> <span class='ocrx_word' id='word_1_314' title='bbox 943 3477 1069 3533; x_wconf 86' lang='lat' dir='ltr'><strong>bekannt</strong></span> <span class='ocrx_word' id='word_1_315' title='bbox 1083 3496 1184 3544; x_wconf 86' lang='lat' dir='ltr'><strong>waren,</strong></span> <span class='ocrx_word' id='word_1_316' title='bbox 1204 3497 1233 3535; x_wconf 89' lang='lat' dir='ltr'><strong>so</strong></span> <span class='ocrx_word' id='word_1_317' title='bbox 1247 3483 1399 3534; x_wconf 87' lang='lat' dir='ltr'><strong>mussten</strong></span> 
     </span>
     <span class='ocr_line' id='line_1_35' title="bbox 169 3567 1398 3638; baseline -0.002 -15"><span class='ocrx_word' id='word_1_318' title='bbox 169 3569 209 3624; x_wconf 91' lang='lat' dir='ltr'><strong>sie</strong></span> <span class='ocrx_word' id='word_1_319' title='bbox 236 3569 266 3622; x_wconf 93' lang='lat' dir='ltr'><strong>in</strong></span> <span class='ocrx_word' id='word_1_320' title='bbox 289 3569 431 3624; x_wconf 89' lang='lat' dir='ltr'><strong>dersclben</strong></span> <span class='ocrx_word' id='word_1_321' title='bbox 453 3569 632 3638; x_wconf 80' lang='lat' dir='ltr'><strong>Erwtthnung</strong></span> <span class='ocrx_word' id='word_1_322' title='bbox 653 3568 752 3622; x_wconf 89' lang='lat' dir='ltr'><strong>finden.</strong></span> <span class='ocrx_word' id='word_1_323' title='bbox 790 3567 869 3636; x_wconf 91' lang='lat' dir='ltr'><strong>atqui</strong></span> <span class='ocrx_word' id='word_1_324' title='bbox 892 3584 937 3622; x_wconf 89' lang='lat' dir='ltr'><strong>eas</strong></span> <span class='ocrx_word' id='word_1_325' title='bbox 960 3586 1016 3623; x_wconf 90' lang='lat' dir='ltr'><strong>non</strong></span> <span class='ocrx_word' id='word_1_326' title='bbox 1043 3571 1239 3624; x_wconf 91' lang='lat' dir='ltr'><strong>commemorat</strong></span> <span class='ocrx_word' id='word_1_327' title='bbox 1264 3569 1293 3623; x_wconf 93' lang='lat' dir='ltr'><strong>in</strong></span> <span class='ocrx_word' id='word_1_328' title='bbox 1317 3568 1398 3622; x_wconf 92' lang='lat' dir='ltr'><strong>Insti-</strong></span> 
     </span>
     <span class='ocr_line' id='line_1_36' title="bbox 169 3656 1398 3728; baseline -0.002 -16"><span class='ocrx_word' id='word_1_329' title='bbox 169 3658 278 3713; x_wconf 90' lang='lat' dir='ltr'><strong>tutione</strong></span> <span class='ocrx_word' id='word_1_330' title='bbox 301 3658 501 3724; x_wconf 80' lang='lat' dir='ltr'><strong>Quintilianus:</strong></span> <span class='ocrx_word' id='word_1_331' title='bbox 530 3676 611 3728; x_wconf 83' lang='lat' dir='ltr'><strong>ergo</strong></span> <span class='ocrx_word' id='word_1_332' title='bbox 633 3675 698 3712; x_wconf 89' lang='lat' dir='ltr'><strong>non</strong></span> <span class='ocrx_word' id='word_1_333' title='bbox 720 3656 867 3725; x_wconf 88' lang='lat' dir='ltr'><strong>scripsit.</strong></span> <span class='ocrx_word' id='word_1_334' title='bbox 905 3675 990 3726; x_wconf 90' lang='lat' dir='ltr'><strong>quam</strong></span> <span class='ocrx_word' id='word_1_335' title='bbox 1013 3657 1213 3713; x_wconf 90' lang='lat' dir='ltr'><strong>conclusionem</strong></span> <span class='ocrx_word' id='word_1_336' title='bbox 1238 3658 1264 3711; x_wconf 80' lang='lat' dir='ltr'><strong>a</strong></span> <span class='ocrx_word' id='word_1_337' title='bbox 1282 3659 1314 3711; x_wconf 91' lang='lat' dir='ltr'><strong>ut</strong></span> <span class='ocrx_word' id='word_1_338' title='bbox 1332 3656 1398 3712; x_wconf 83' lang='lat' dir='ltr'><strong>cffu-</strong></span> 
     </span>
     <span class='ocr_line' id='line_1_37' title="bbox 169 3745 1398 3820; baseline -0.003 -17"><span class='ocrx_word' id='word_1_339' title='bbox 169 3749 239 3820; x_wconf 85' lang='lat' dir='ltr'><strong>giat,</strong></span> <span class='ocrx_word' id='word_1_340' title='bbox 258 3748 344 3803; x_wconf 92' lang='lat' dir='ltr'><strong>sumit</strong></span> <span class='ocrx_word' id='word_1_341' title='bbox 362 3747 462 3803; x_wconf 90' lang='lat' dir='ltr'><strong>maiori</strong></span> <span class='ocrx_word' id='word_1_342' title='bbox 480 3748 548 3802; x_wconf 85' lang='lat' dir='ltr'><strong>artis</strong></span> <span class='ocrx_word' id='word_1_343' title='bbox 566 3747 718 3803; x_wconf 87' lang='lat' dir='ltr'><strong>rhetoricae</strong></span> <span class='ocrx_word' id='word_1_344' title='bbox 736 3746 814 3812; x_wconf 88' lang='lat' dir='ltr'><strong>libro,</strong></span> <span class='ocrx_word' id='word_1_345' title='bbox 840 3764 922 3815; x_wconf 90' lang='lat' dir='ltr'><strong>quem</strong></span> <span class='ocrx_word' id='word_1_346' title='bbox 946 3748 1133 3803; x_wconf 89' lang='lat' dir='ltr'><strong>adulescentes</strong></span> <span class='ocrx_word' id='word_1_347' title='bbox 1150 3746 1241 3800; x_wconf 89' lang='lat' dir='ltr'><strong>inuito</strong></span> <span class='ocrx_word' id='word_1_348' title='bbox 1260 3749 1289 3800; x_wconf 91' lang='lat' dir='ltr'><strong>et</strong></span> <span class='ocrx_word' id='word_1_349' title='bbox 1307 3745 1398 3800; x_wconf 90' lang='lat' dir='ltr'><strong>nescio</strong></span> 
     </span>
     <span class='ocr_line' id='line_1_38' title="bbox 169 3834 1399 3905; baseline -0.002 -13"><span class='ocrx_word' id='word_1_350' title='bbox 169 3837 255 3892; x_wconf 88' lang='lat' dir='ltr'><strong>Fabio</strong></span> <span class='ocrx_word' id='word_1_351' title='bbox 278 3837 435 3903; x_wconf 90' lang='lat' dir='ltr'><strong>emiserunt,</strong></span> <span class='ocrx_word' id='word_1_352' title='bbox 460 3837 673 3893; x_wconf 89' lang='lat' dir='ltr'><strong>declamationes</strong></span> <span class='ocrx_word' id='word_1_353' title='bbox 695 3836 812 3891; x_wconf 86' lang='lat' dir='ltr'><strong>insertas</strong></span> <span class='ocrx_word' id='word_1_354' title='bbox 835 3836 926 3892; x_wconf 81' lang='lat' dir='ltr'><strong>fuisse.</strong></span> <span class='ocrx_word' id='word_1_355' title='bbox 964 3840 994 3891; x_wconf 91' lang='lat' dir='ltr'><strong>at</strong></span> <span class='ocrx_word' id='word_1_356' title='bbox 1017 3836 1079 3905; x_wconf 91' lang='lat' dir='ltr'><strong>quis</strong></span> <span class='ocrx_word' id='word_1_357' title='bbox 1105 3836 1131 3891; x_wconf 90' lang='lat' dir='ltr'><strong>ei</strong></span> <span class='ocrx_word' id='word_1_358' title='bbox 1155 3834 1284 3890; x_wconf 87' lang='lat' dir='ltr'><strong>concedet</strong></span> <span class='ocrx_word' id='word_1_359' title='bbox 1302 3852 1399 3904; x_wconf 90' lang='lat' dir='ltr'><strong>corpus</strong></span> 
     </span>
     <span class='ocr_line' id='line_1_39' title="bbox 170 3924 1398 3996; baseline -0.002 -16"><span class='ocrx_word' id='word_1_360' title='bbox 170 3926 402 3982; x_wconf 88' lang='lat' dir='ltr'><strong>declamationum</strong></span> <span class='ocrx_word' id='word_1_361' title='bbox 412 3927 511 3994; x_wconf 91' lang='lat' dir='ltr'><strong>quibus</strong></span> <span class='ocrx_word' id='word_1_362' title='bbox 522 3926 633 3981; x_wconf 89' lang='lat' dir='ltr'><strong>additae</strong></span> <span class='ocrx_word' id='word_1_363' title='bbox 642 3926 698 3980; x_wconf 91' lang='lat' dir='ltr'><strong>sint</strong></span> <span class='ocrx_word' id='word_1_364' title='bbox 712 3925 860 3980; x_wconf 88' lang='lat' dir='ltr'><strong>rhetorices</strong></span> <span class='ocrx_word' id='word_1_365' title='bbox 874 3926 987 3996; x_wconf 82' lang='lat' dir='ltr'><strong>regulae</strong></span> <span class='ocrx_word' id='word_1_366' title='bbox 999 3927 1107 3979; x_wconf 90' lang='lat' dir='ltr'><strong>artem</strong></span> <span class='ocrx_word' id='word_1_367' title='bbox 1122 3941 1179 3978; x_wconf 90' lang='lat' dir='ltr'><strong>esse</strong></span> <span class='ocrx_word' id='word_1_368' title='bbox 1189 3924 1398 3992; x_wconf 77' lang='lat' dir='ltr'><strong>nuncupatum?</strong></span> 
     </span>
     <span class='ocr_line' id='line_1_40' title="bbox 170 4011 1398 4086; baseline -0.001 -17"><span class='ocrx_word' id='word_1_369' title='bbox 170 4015 214 4084; x_wconf 89' lang='lat' dir='ltr'><strong>(de</strong></span> <span class='ocrx_word' id='word_1_370' title='bbox 237 4016 290 4070; x_wconf 89' lang='lat' dir='ltr'><strong>hac</strong></span> <span class='ocrx_word' id='word_1_371' title='bbox 312 4033 342 4070; x_wconf 88' lang='lat' dir='ltr'><strong>re</strong></span> <span class='ocrx_word' id='word_1_372' title='bbox 364 4015 394 4070; x_wconf 82' lang='lat' dir='ltr'><strong>cf</strong></span> <span class='ocrx_word' id='word_1_373' title='bbox 409 4016 610 4070; x_wconf 84' lang='lat' dir='ltr'><strong>Trabandtium</strong></span> <span class='ocrx_word' id='word_1_374' title='bbox 628 4035 647 4086; x_wconf 92' lang='lat' dir='ltr'><strong>p</strong></span> <span class='ocrx_word' id='word_1_375' title='bbox 666 4016 682 4070; x_wconf 90' lang='grc'>3</span> <span class='ocrx_word' id='word_1_376' title='bbox 701 4015 756 4069; x_wconf 83' lang='lat' dir='ltr'><strong>adn</strong></span> <span class='ocrx_word' id='word_1_377' title='bbox 782 4015 806 4084; x_wconf 95' lang='lat' dir='ltr'><strong>l)</strong></span> <span class='ocrx_word' id='word_1_378' title='bbox 825 4018 962 4085; x_wconf 89' lang='lat' dir='ltr'><strong>postremo</strong></span> <span class='ocrx_word' id='word_1_379' title='bbox 981 4016 1013 4068; x_wconf 92' lang='lat' dir='ltr'><strong>ut</strong></span> <span class='ocrx_word' id='word_1_380' title='bbox 1031 4015 1076 4069; x_wconf 92' lang='lat' dir='ltr'><strong>uel</strong></span> <span class='ocrx_word' id='word_1_381' title='bbox 1095 4014 1147 4069; x_wconf 92' lang='lat' dir='ltr'><strong>hoc</strong></span> <span class='ocrx_word' id='word_1_382' title='bbox 1165 4011 1303 4083; x_wconf 84' lang='lat' dir='ltr'><strong>largiaris,</strong></span> <span class='ocrx_word' id='word_1_383' title='bbox 1331 4032 1398 4069; x_wconf 92' lang='lat' dir='ltr'><strong>num</strong></span> 
     </span>
     <span class='ocr_line' id='line_1_41' title="bbox 168 4101 1399 4176; baseline -0.002 -16"><span class='ocrx_word' id='word_1_384' title='bbox 168 4105 222 4160; x_wconf 92' lang='lat' dir='ltr'><strong>tibi</strong></span> <span class='ocrx_word' id='word_1_385' title='bbox 240 4105 415 4176; x_wconf 89' lang='lat' dir='ltr'><strong>persuadebis</strong></span> <span class='ocrx_word' id='word_1_386' title='bbox 438 4109 497 4161; x_wconf 92' lang='lat' dir='ltr'><strong>tam</strong></span> <span class='ocrx_word' id='word_1_387' title='bbox 522 4109 631 4160; x_wconf 89' lang='lat' dir='ltr'><strong>uastam</strong></span> <span class='ocrx_word' id='word_1_388' title='bbox 654 4104 802 4160; x_wconf 90' lang='lat' dir='ltr'><strong>materiam</strong></span> <span class='ocrx_word' id='word_1_389' title='bbox 825 4104 919 4175; x_wconf 93' lang='lat' dir='ltr'><strong>paucis</strong></span> <span class='ocrx_word' id='word_1_390' title='bbox 948 4103 1042 4158; x_wconf 90' lang='lat' dir='ltr'><strong>diebus</strong></span> <span class='ocrx_word' id='word_1_391' title='bbox 1066 4121 1084 4158; x_wconf 89' lang='lat' dir='ltr'><strong>a</strong></span> <span class='ocrx_word' id='word_1_392' title='bbox 1112 4101 1253 4172; x_wconf 89' lang='lat' dir='ltr'><strong>discipulis</strong></span> <span class='ocrx_word' id='word_1_393' title='bbox 1277 4104 1399 4159; x_wconf 86' lang='lat' dir='ltr'><strong>notando</strong></span> 
     </span>
     <span class='ocr_line' id='line_1_42' title="bbox 169 4192 1398 4265; baseline -0.003 -15"><span class='ocrx_word' id='word_1_394' title='bbox 169 4195 291 4264; x_wconf 87' lang='lat' dir='ltr'><strong>potuisse</strong></span> <span class='ocrx_word' id='word_1_395' title='bbox 314 4195 421 4265; x_wconf 78' lang='lat' dir='ltr'><strong>excipi?</strong></span> <span class='ocrx_word' id='word_1_396' title='bbox 448 4199 507 4250; x_wconf 90' lang='lat' dir='ltr'><strong>tam</strong></span> <span class='ocrx_word' id='word_1_397' title='bbox 530 4196 647 4250; x_wconf 88' lang='lat' dir='ltr'><strong>mirifica</strong></span> <span class='ocrx_word' id='word_1_398' title='bbox 668 4213 749 4251; x_wconf 89' lang='lat' dir='ltr'><strong>nemo</strong></span> <span class='ocrx_word' id='word_1_399' title='bbox 771 4195 826 4249; x_wconf 91' lang='lat' dir='ltr'><strong>nisi</strong></span> <span class='ocrx_word' id='word_1_400' title='bbox 851 4211 885 4249; x_wconf 92' lang='lat' dir='ltr'><strong>re</strong></span> <span class='ocrx_word' id='word_1_401' title='bbox 910 4193 1093 4262; x_wconf 89' lang='lat' dir='ltr'><strong>desperata</strong></span> <span class='ocrx_word' id='word_1_402' title='bbox 1115 4192 1259 4247; x_wconf 87' lang='lat' dir='ltr'><strong>adfirmare</strong></span> <span class='ocrx_word' id='word_1_403' title='bbox 1278 4193 1398 4248; x_wconf 87' lang='lat' dir='ltr'><strong>audebit·</strong></span> 
     </span>
     <span class='ocr_line' id='line_1_43' title="bbox 169 4281 1398 4355; baseline -0.002 -16"><span class='ocrx_word' id='word_1_404' title='bbox 169 4301 251 4339; x_wconf 84' lang='lat' dir='ltr'><strong>nemo</strong></span> <span class='ocrx_word' id='word_1_405' title='bbox 269 4285 365 4355; x_wconf 91' lang='lat' dir='ltr'><strong>opinor</strong></span> <span class='ocrx_word' id='word_1_406' title='bbox 382 4285 437 4339; x_wconf 87' lang='lat' dir='ltr'><strong>nisi</strong></span> <span class='ocrx_word' id='word_1_407' title='bbox 456 4285 504 4354; x_wconf 89' lang='lat' dir='ltr'><strong>qui</strong></span> <span class='ocrx_word' id='word_1_408' title='bbox 522 4285 625 4341; x_wconf 90' lang='lat' dir='ltr'><strong>Ritteri</strong></span> <span class='ocrx_word' id='word_1_409' title='bbox 648 4286 701 4341; x_wconf 90' lang='lat' dir='ltr'><strong>erit</strong></span> <span class='ocrx_word' id='word_1_410' title='bbox 723 4285 831 4339; x_wconf 85' lang='lat' dir='ltr'><strong>similis.</strong></span> <span class='ocrx_word' id='word_1_411' title='bbox 867 4285 897 4338; x_wconf 90' lang='lat' dir='ltr'><strong>at</strong></span> <span class='ocrx_word' id='word_1_412' title='bbox 921 4281 1001 4337; x_wconf 91' lang='lat' dir='ltr'><strong>uideo</strong></span> <span class='ocrx_word' id='word_1_413' title='bbox 1026 4282 1117 4352; x_wconf 90' lang='lat' dir='ltr'><strong>ipsum</strong></span> <span class='ocrx_word' id='word_1_414' title='bbox 1135 4281 1216 4336; x_wconf 90' lang='lat' dir='ltr'><strong>illum</strong></span> <span class='ocrx_word' id='word_1_415' title='bbox 1236 4301 1253 4337; x_wconf 94' lang='lat' dir='ltr'><strong>a</strong></span> <span class='ocrx_word' id='word_1_416' title='bbox 1270 4299 1299 4338; x_wconf 90' lang='lat' dir='ltr'><strong>se</strong></span> <span class='ocrx_word' id='word_1_417' title='bbox 1317 4282 1398 4337; x_wconf 88' lang='lat' dir='ltr'><strong>desti·</strong></span> 
     </span>
     <span class='ocr_line' id='line_1_44' title="bbox 169 4371 1399 4444; baseline -0.002 -17"><span class='ocrx_word' id='word_1_418' title='bbox 169 4374 245 4439; x_wconf 87' lang='lat' dir='ltr'><strong>tisse,</strong></span> <span class='ocrx_word' id='word_1_419' title='bbox 264 4392 327 4428; x_wconf 91' lang='lat' dir='ltr'><strong>cum</strong></span> <span class='ocrx_word' id='word_1_420' title='bbox 345 4375 373 4428; x_wconf 93' lang='lat' dir='ltr'><strong>in</strong></span> <span class='ocrx_word' id='word_1_421' title='bbox 394 4374 523 4430; x_wconf 90' lang='lat' dir='ltr'><strong>editionis</strong></span> <span class='ocrx_word' id='word_1_422' title='bbox 541 4375 746 4444; x_wconf 80' lang='lat' dir='ltr'><strong>praelationep</strong></span> <span class='ocrx_word' id='word_1_423' title='bbox 763 4375 788 4429; x_wconf 91' lang='lat' dir='ltr'>V</span> <span class='ocrx_word' id='word_1_424' title='bbox 807 4374 882 4428; x_wconf 90' lang='lat' dir='ltr'><strong>dicat</strong></span> <span class='ocrx_word' id='word_1_425' title='bbox 900 4389 997 4441; x_wconf 88' lang='lat' dir='ltr'><strong>corpus</strong></span> <span class='ocrx_word' id='word_1_426' title='bbox 1015 4372 1151 4426; x_wconf 90' lang='lat' dir='ltr'><strong>maiorum</strong></span> <span class='ocrx_word' id='word_1_427' title='bbox 1166 4371 1399 4427; x_wconf 86' lang='lat' dir='ltr'><strong>declamationum</strong></span> 
     </span>
     <span class='ocr_line' id='line_1_45' title="bbox 170 4460 1397 4533; baseline -0.002 -16"><span class='ocrx_word' id='word_1_428' title='bbox 170 4463 241 4518; x_wconf 85' lang='lat' dir='ltr'><strong>falso</strong></span> <span class='ocrx_word' id='word_1_429' title='bbox 259 4463 426 4530; x_wconf 84' lang='lat' dir='ltr'><strong>Quintiliani</strong></span> <span class='ocrx_word' id='word_1_430' title='bbox 444 4463 555 4519; x_wconf 89' lang='lat' dir='ltr'><strong>nominc</strong></span> <span class='ocrx_word' id='word_1_431' title='bbox 578 4463 721 4533; x_wconf 87' lang='lat' dir='ltr'><strong>appellari.</strong></span> <span class='ocrx_word' id='word_1_432' title='bbox 758 4465 827 4518; x_wconf 88' lang='lat' dir='ltr'><strong>haec</strong></span> <span class='ocrx_word' id='word_1_433' title='bbox 849 4463 964 4524; x_wconf 84' lang='lat' dir='ltr'><strong>fortasse</strong></span> <span class='ocrx_word' id='word_1_434' title='bbox 988 4478 1071 4520; x_wconf 84' lang='lat' dir='ltr'><strong>causa</strong></span> <span class='ocrx_word' id='word_1_435' title='bbox 1093 4465 1143 4528; x_wconf 85' lang='lat' dir='ltr'><strong>est,</strong></span> <span class='ocrx_word' id='word_1_436' title='bbox 1167 4479 1214 4518; x_wconf 89' lang='lat' dir='ltr'><strong>cur</strong></span> <span class='ocrx_word' id='word_1_437' title='bbox 1236 4478 1292 4523; x_wconf 83' lang='lat' dir='ltr'><strong>non</strong></span> <span class='ocrx_word' id='word_1_438' title='bbox 1315 4460 1397 4515; x_wconf 89' lang='lat' dir='ltr'><strong>simul</strong></span> 
     </span>
     <span class='ocr_line' id='line_1_46' title="bbox 170 4553 747 4620; baseline 0.012 -12"><span class='ocrx_word' id='word_1_439' title='bbox 170 4570 272 4620; x_wconf 86' lang='lat' dir='ltr'><strong>omnes,</strong></span> <span class='ocrx_word' id='word_1_440' title='bbox 292 4553 339 4610; x_wconf 88' lang='lat' dir='ltr'><strong>sed</strong></span> <span class='ocrx_word' id='word_1_441' title='bbox 356 4554 474 4612; x_wconf 87' lang='lat' dir='ltr'><strong>minores</strong></span> <span class='ocrx_word' id='word_1_442' title='bbox 492 4556 605 4614; x_wconf 82' lang='lat' dir='ltr'><strong>tantum</strong></span> <span class='ocrx_word' id='word_1_443' title='bbox 623 4553 747 4615; x_wconf 69' lang='lat' dir='ltr'><strong>ediderit.</strong></span> 
     </span>
    </p>
   </div>
   <div class='ocr_carea' id='block_1_5' title="bbox 0 0 1573 4942">
    <p class='ocr_par' dir='ltr' id='par_1_6' title="bbox 0 0 1573 4942">
     <span class='ocr_line' id='line_1_47' title="bbox 0 0 1573 4942; baseline 0 0"><span class='ocrx_word' id='word_1_444' title='bbox 0 0 1573 4942; x_wconf 95' lang='lat' dir='ltr'><strong> </strong></span> 
     </span>
    </p>
   </div>
  </div>
 </body>
</html>
