3128 4942
711 276 751 339 19

623 366 836 373 ——.

117 477 224 535 autem
256 489 329 535 esse
362 468 450 534 dicta
482 468 513 533 iu
547 476 714 553 corruptos
747 469 947 553 intellegitur
977 492 994 536 6
1022 471 1130 538 uerbis
1160 472 1276 555 quibus
1306 472 1350 538 ad

115 585 290 661 praecepta
324 575 543 641 continuanda
571 576 693 641 Fabius
729 597 765 641 se
796 577 901 642 uertit.
948 598 1032 661 quae
1058 586 1132 644 sunt
1156 579 1252 645 haec:
1290 579 1350 646 sed

115 684 188 750 finis
212 704 276 747 non
301 682 376 767 erit,
401 683 428 748 si
457 682 636 764 singulas
660 690 925 768 corruptorum
948 706 1165 770 persequar
1198 685 1349 753 formas.

114 790 197 855 illud
220 791 331 874 potius
356 789 441 872 quod
464 797 514 854 est
537 790 643 873 magis
667 791 895 857 necessarium.
919 830 962 838 -

205 898 260 961 De
284 897 425 979 figuris
448 897 649 962 uerborum
673 899 720 961 IX
741 896 996 974 3Quintiliauus
1012 899 1162 984 explicat.
1187 900 1278 965 cuius
1293 921 1346 966 cx-

116 1003 303 1087 plioatiouis
326 1003 421 1068 finem
444 1004 490 1067 ita
514 1003 601 1088 tacit,
625 1011 660 1069 ut
684 1004 828 1089 increpet
852 1026 908 1072 eos
937 1007 992 1089 qui
1020 1006 1118 1070 nimio
1151 1027 1259 1073 eorum
1288 1029 1349 1074 usu

118 1117 261 1194 peccent.
308 1110 490 1193 dequibus
516 1114 535 1191 ξ
562 1114 626 1177 100
649 1111 730 1176 haec
759 1111 852 1176 dicit:
879 1119 953 1178 suut
981 1113 1036 1196 qui
1064 1114 1214 1196 neglecto
1244 1135 1349 1180 rerum

116 1216 258 1300 pondere
282 1225 315 1282 ct
338 1218 461 1283 uiribus
481 1219 721 1302 sententiarum,
746 1219 773 1284 si
797 1219 850 1283 nel
870 1219 981 1283 inania
997 1221 1097 1286 uerba
1111 1221 1145 1285 in
1158 1220 1218 1286 hos
1233 1220 1347 1287 modos

115 1322 343 1408 demanarunt,
365 1324 620 1408 <figurarum>
630 1327 667 1402 12)
685 1345 824 1391 summos
842 1347 877 1391 sc
893 1327 1037 1392 iudicent
1052 1326 1193 1393 artifices
1208 1327 1347 1411 ideoque

114 1451 178 1493 non
212 1430 364 1496 desinant
397 1451 454 1497 eas
488 1439 616 1498 nectere
641 1452 723 1515 quas
747 1433 817 1497 siue
846 1434 1029 1499 substantia
1058 1435 1176 1500 sectari
1203 1441 1270 1499 tam
1299 1440 1349 1500 est

114 1536 284 1602 ridiculum
327 1559 424 1622 quam
466 1559 621 1622 quaerere
671 1539 817 1604 habitum
864 1547 1054 1624 gestumque
1097 1541 1167 1607 sine
1205 1561 1348 1627 corpore.

117 1647 136 1722 ξ
163 1649 223 1709 101
250 1653 282 1709 61
308 1649 369 1711 102
394 1653 545 1711 secuntur
559 1654 750 1728 argumenta
775 1647 889 1728 quibus
905 1647 991 1712 illius
1013 1647 1168 1714 orationis
1188 1649 1347 1732 peruersi-

117 1755 216 1815 tatem
239 1752 368 1819 refutat.
392 1790 435 1798 -
459 1761 680 1837 corruptorum
705 1754 782 1837 quin
804 1753 863 1817 illa
893 1754 935 1819 sit
962 1753 1169 1819 immodestia
1198 1776 1263 1838 qua
1292 1754 1348 1818 fio-

117 1856 188 1921 rida
210 1859 310 1924 uerba
334 1868 538 1945 quaerantur,
562 1860 617 1925 ubi
641 1880 675 1925 16
690 1861 893 1944 postulentur
918 1861 1085 1947 simplicia,
1108 1881 1173 1925 101
1197 1860 1348 1944 estquod

116 1964 307 2032 dubitemus.

211 2073 347 2138 Multum
370 2074 458 2138 ualet
482 2075 526 2138 ad
541 2075 718 2138 orationem
733 2074 910 2139 ornandam
935 2075 1179 2160 compositio.
1208 2096 1248 2140 ea
1263 2076 1347 2140 enim

117 2178 152 2243 fit
175 2185 210 2244 ut
234 2181 390 2246 orationis
414 2183 557 2246 membra
581 2182 623 2246 ab
638 2180 845 2247 audientibus
870 2188 902 2248 61
924 2181 1107 2264 legentibus
1124 2189 1211 2248 reete
1231 2181 1345 2248 distin-

117 2294 263 2367 guantur.
311 2295 508 2373 quapropter
540 2288 610 2354 eius
641 2295 691 2354 est
710 2309 837 2373 munus,
861 2295 896 2352 ut
910 2288 1047 2372 periodi,
1069 2291 1220 2375 membra,
1242 2290 1346 2356 incisa

118 2396 223 2470 (nola,
256 2401 398 2482 κόμματα
422 2396 469 2459 IX
492 2399 522 2479 4,
553 2393 610 2482 23)
644 2395 762 2460 iustam
794 2394 936 2460 habeant
968 2395 1112 2480 formam,
1145 2396 1347 2462 commodam

116 2499 304 2587 iuncturam,
329 2502 505 2567 dilucidum
520 2502 672 2586 ordinem,
700 2502 791 2586 item,
815 2509 850 2566 ut
877 2522 936 2586 pcr
959 2501 1074 2567 scitam
1097 2503 1266 2567 uerborum
1289 2523 1344 2587 po·

114 2606 263 2672 sitionem
288 2610 445 2675 sentiatur
476 2610 585 2676 inesse
617 2610 650 2672 iu
680 2610 826 2675 oratione
849 2608 979 2674 modum
996 2609 1157 2693 quendam
1170 2608 1346 2694 prudenter

92 2710 278 2780 ‘emensum
317 2723 348 2781 ct
385 2716 599 2800 aequabiliter
630 2716 853 2801 ponderatum.
918 2737 1013 2799 quem
1050 2716 1195 2782 rhetores
1227 2724 1345 2782 uocant

113 2841 322 2886 numerum:
346 2822 430 2888 idem
456 2829 506 2889 est
528 2844 644 2888 101161
668 2844 730 2906 quo
754 2830 885 2888 utuntur
907 2823 940 2886 in
963 2844 998 2888 re
1021 2824 1163 2907 metrica,
1187 2824 1263 2907 quia
1291 2844 1343 2889 161

114 2935 164 2992 611
189 2928 312 2994 cadem.
358 2930 469 3013 itaque
493 2930 583 2995 illum
607 2951 671 2994 non
696 2930 803 2995 secius
827 2950 924 3013 quam
946 2929 980 2992 11
1009 2930 1157 2995 uersibus
1185 2930 1219 2994 in
1247 2951 1345 3015 prosa

114 3055 240 3118 qnoque
265 3036 410 3103 oratione
438 3035 580 3102 referunt
609 3037 653 3100 ad
681 3037 792 3120 pedes.
844 3055 883 3100 ao
912 3034 953 3100 de
981 3035 1120 3120 pedibus
1147 3056 1344 3119 numeroque

116 3140 332 3216 Quintilianus
355 3143 403 3207 IX
426 3147 456 3228 4,
482 3149 501 3209 6
526 3144 605 3209 dicit
628 3144 724 3208 haec:
748 3143 843 3227 parui
857 3142 961 3228 pedes
975 3142 1041 3208 uim
1055 3142 1229 3208 detrahunt
1248 3144 1344 3210 rebus

189 3299 444 3373 Η1119111111
462 3306 530 3373 puto
550 3303 579 3357 11
598 3303 709 3372 apodosi
728 3304 773 3357 161
783 3304 835 3357 hoc
849 3304 894 3357 161
914 3303 969 3358 1110
983 3304 1041 3357 1060
1056 3302 1195 3357 excidisse.
1210 3321 1275 3357 nam
1289 3304 1343 3372 pri·
1365 3304 1367 3308 ’

115 3408 182 3444 num
196 3392 297 3446 artifex
310 3395 475 3448 uocabulum
495 3412 557 3447 cum
571 3393 702 3462 genetiuo
715 3411 771 3447 non
785 3393 911 3446 iunctum
924 3393 1062 3446 rarissime
1079 3392 1153 3461 apud
1168 3392 1345 3457 Qinueuitur

116 3496 148 3533 61
167 3481 196 3534 11
215 3500 298 3550 quam
318 3484 447 3538 hocloco
470 3483 614 3552 poscimus.
656 3501 712 3550 qna
736 3481 847 3549 quidem
871 3481 944 3535 idem
963 3481 1058 3534 1111111
1076 3497 1184 3535 1666116
1208 3483 1249 3534 611
1272 3481 1345 3548 quod

115 3572 253 3637 perfectus
272 3575 371 3627 orator.
405 3591 459 3626 uno
479 3575 589 3625 tantum
610 3573 668 3626 loco
687 3575 715 3626 61
733 3572 806 3625 hanc
824 3571 908 3624 habet
926 3570 985 3622 uim
1003 3571 1032 3623 61
1055 3587 1117 3622 cum
1136 3569 1266 3637 genetiuo
1289 3587 1344 3623 non

114 3663 301 3716 connectitur:
320 3663 346 3715 V
368 3663 408 3728 13,
428 3663 469 3715 30.
513 3661 609 3713 duobis
627 3661 706 3725 locis,
726 3660 774 3713 ubi
797 3660 826 3712 id
848 3660 907 3714 fieri
930 3658 1082 3722 existimet,
1106 3658 1228 3727 positum
1253 3664 1292 3712 cst
1315 3660 1344 3713 ui

112 3752 291 3821 praegnanti:
320 3752 347 3804 11
376 3755 403 3814 5,
439 3751 462 3804 8.
513 3750 566 3802 XII
597 3751 640 3814 lt),
666 3752 708 3803 50.
755 3749 914 3817 ceteroquin
933 3748 1079 3818 genetiuus
1098 3748 1133 3802 ad
1161 3749 1342 3818 supplendam

112 3824 253 3894 notionem
272 3839 385 3894 additur
407 3840 486 3893 uelut
509 3840 536 3891 11
563 3841 601 3903 15,
625 3840 667 3891 18:
692 3839 828 3908 Gorgias.
844 3879 850 3890 .
867 3879 873 3891 .
890 3879 895 3891 .
911 3837 1044 3891 suadendi
1067 3855 1095 3891 16
1119 3837 1253 3892 artificem
1272 3878 1297 3890 ..
1314 3878 1342 3891 ..

113 3945 169 3982 esse
184 3929 232 3983 ait.
260 3930 299 3982 XI
315 3931 339 3994 1,
354 3930 397 3982 85.
417 3932 441 3992 3,
462 3930 503 3982 13.
534 3928 650 3981 artifices
669 3927 717 3994 qni
737 3930 825 3981 artem
845 3929 969 3981 tractant
986 3926 1152 3980 statuariam
1168 3930 1196 3981 et
1204 3927 1343 3995 picturam

113 4036 167 4071 uno
186 4022 300 4087 excepto
318 4019 385 4083 loco,
404 4018 453 4071 ubi
471 4017 594 4071 dubitari
612 4017 710 4084 nequit
729 4035 814 4084 qnam
832 4019 922 4069 artem
940 4015 1123 4084 profiteantur
1146 4016 1263 4070 artifices
1281 4015 1341 4069 illic

114 4108 252 4162 nominati
272 4109 348 4172 (VIH
367 4111 391 4173 5,
412 4106 465 4174 26),
485 4124 590 4174 semper
608 4123 699 4159 secum
718 4105 823 4159 ducunt
842 4105 910 4157 artis
928 4122 993 4158 snae
1012 4122 1120 4158 nomen.
1153 4104 1182 4158 cf
1197 4105 1222 4158 V
1238 4105 1280 4169 12,
1300 4105 1342 4158 21.

113 4183 166 4249 XII
187 4198 227 4260 10,
247 4199 271 4251 6.
291 4195 639 4265 9.-111116611101161110
663 4194 692 4247 in
712 4212 743 4248 eo
762 4194 834 4261 quod
853 4211 909 4247 611
928 4211 1078 4262 pronomen
1101 4211 1156 4247 non
1180 4193 1266 4247 habet
1289 4210 1343 4261 quo

113 4285 255 4339 referatur.
274 4304 374 4341 nomen
383 4304 432 4356 pro
442 4285 619 4354 quofponitur
634 4287 675 4338 est
684 4283 835 4352 figurae:
849 4282 878 4335 id
892 4300 956 4336 uero
970 4283 1000 4335 in
1010 4282 1114 4336 vicinia
1128 4299 1183 4335 non
1197 4281 1341 4350 reperitur.

113 4376 211 4444 quodsi
230 4375 423 4446 figurarum
441 4375 594 4437 inserimus,
613 4373 707 4428 omnia
725 4374 794 4427 bene
809 4390 836 4427 se
851 4372 965 4426 habent.
1003 4371 1052 4439 qui
1070 4370 1183 4438 quidem
1196 4371 1343 4439 genetiuus

113 4466 194 4522 facilc
216 4465 396 4535 neglegentia
419 4465 526 4518 librarii
549 4464 642 4533 potuit
664 4461 772 4524 omitti,
796 4465 828 4516 nt
853 4461 901 4529 qui
925 4460 1041 4530 paulum
1065 4459 1149 4513 distet
1172 4477 1190 4512 1
1212 4460 1343 4528 genetiuo

113 4556 373 4612 sententiarum.

1146 4636 1183 4691 2*
