3128 4942
734 1145 861 1253 Caput
893 1144 982 1229 VII.

281 1301 326 1366 In
350 1297 522 1366 memoria
545 1296 755 1364 litterarum
777 1312 882 1378 quem
904 1296 1023 1363 locum
1046 1294 1209 1364 obtineat
1231 1295 1441 1378 eloquentia

747 1401 971 1490 Quintiliani.

334 1568 482 1635 Vidimus
511 1566 743 1645 Quintilianum
775 1586 839 1632 non
867 1566 962 1632 modo
991 1587 1063 1634 cum
1093 1573 1321 1652 exsequeretur
1347 1587 1477 1652 munus,

245 1675 486 1763 praecipiendo,
517 1675 575 1742 sed
599 1672 697 1741 etiam
720 1681 893 1760 postquam
916 1695 1047 1741 munere
1071 1696 1107 1742 se
1130 1673 1360 1760 abdicauissct‚
1389 1673 1476 1741 libro

189 1804 194 1819 ·
248 1783 478 1851 conscribendo
502 1781 704 1868 pugnauisse
726 1788 838 1847 contra
861 1788 1042 1867 corruptos:
1067 1781 1239 1867 quaeritur,
1262 1801 1302 1848 ex
1322 1780 1476 1848 diuturno

161 1876 168 1889 ⁴
245 1892 330 1959 bello
353 1891 458 1956 uictor
481 1888 657 1955 decesserit
679 1908 790 1953 necne.

316 2005 441 2098 ¹Atque
469 2013 510 2080 de
537 2014 600 2080 hac
621 2033 657 2079 re
685 2012 762 2096 quid
794 2013 837 2080 sit
862 2011 1049 2099 putandum,
1081 2013 1233 2080 docemur
1259 2013 1478 2101 Institutione,

247 2123 399 2190 docemur
430 2120 606 2187 honoribus
639 2140 719 2203 quos
750 2120 957 2189 Domitianus
989 2121 1033 2187 ad
1062 2121 1199 2187 Fabium
1226 2121 1350 2190 detulit.
1398 2143 1479 2188 nam

246 2239 282 2297 ut
312 2229 550 2297 Institutionem
581 2228 744 2314 scriberet,
777 2248 845 2313 non„
873 2249 933 2295 sua
965 2236 1081 2313 sponte
1113 2229 1169 2295 illc
1201 2229 1264 2296 sibi
1295 2231 1477 2317 proposuit,

247 2337 307 2406 sed
334 2337 492 2423 impulsus
521 2336 563 2402 ab
593 2335 721 2402 amicis:
755 2335 841 2419 quod
869 2342 1006 2421 apparet
1035 2358 1075 2402 ex
1104 2333 1140 2424 [Ι]
1171 2356 1303 2421 prooem
1326 2340 1346 2418 ξ
1374 2340 1476 2405 1-2:

160 2501 162 2505 ,
246 2447 279 2512 in
307 2446 423 2531 quibus
445 2443 554 2510 uerbis
583 2442 791 2509 memorabile
820 2449 870 2510 est
897 2443 1075 2511 iniunxisse
1102 2443 1224 2510 amicos
1252 2443 1300 2508 illi
1328 2444 1477 2511 laborem

244 2542 384 2619 maxime
407 2558 593 2637 propterea,
625 2549 711 2634 quod
739 2549 823 2615 inter
851 2549 999 2617 diuersas
1028 2550 1198 2637 opiniones
1220 2551 1362 2637 priorum
1391 2550 1476 2617 diffi-

248 2659 368 2726 cillime
392 2656 633 2723 diiudicarctur.
678 2656 926 2741 postulauerunt
949 2657 1056 2742 igitur,
1079 2664 1115 2723 ut
1137 2658 1311 2742 imaginem
1335 2659 1476 2726 oratoris

246 2764 458 2833 consummati
495 2763 625 2847 qualem
656 2763 728 2848 ipse
761 2763 868 2830 animo
900 2764 1048 2832 finxisset
1084 2765 1117 2830 in
1148 2765 1255 2832 medio
1288 2767 1475 2832 conlocaret

246 2873 394 2939 refutatis
428 2872 475 2939 eis
508 2871 563 2955 qui
596 2870 691 2937 aliter
723 2877 821 2956 atque
853 2871 924 2957 ipse
954 2872 995 2937 de
1028 2894 1067 2939 ea
1095 2893 1130 2938 rc
1163 2872 1328 2941 sentirent.
1376 2880 1477 2958 atquc

246 2981 342 3049 amici
366 2987 401 3046 ut
425 2979 512 3063 quod
536 2985 684 3064 peterent
707 2978 968 3064 adsequerentur,
993 2999 1115 3046 summo
1139 2979 1246 3046 studio
1270 2981 1378 3064 egisse
1399 2988 1478 3047 sunt

246 3087 391 3175 putandi.
446 3085 597 3152 uidentur
629 3085 714 3152 enim
745 3085 912 3171 Tryphoni
948 3086 1146 3171 bibliopolae
1182 3088 1402 3172 persuasisse,
1440 3095 1477 3154 ut

246 3195 382 3261 Fabium
407 3193 474 3259 suis
498 3192 649 3278 precibus
672 3192 884 3259 reluctantem
907 3192 951 3257 ad
974 3211 1055 3277 opus
1079 3176 1239 3258 edendum
1260 3202 1476 3280 permoueret

247 3302 333 3386 quod
364 3301 483 3368 fecisse
510 3299 600 3365 illum
629 3320 669 3365 ex
701 3299 842 3384 epistula
869 3305 960 3384 patet
991 3300 1056 3364 iam
1089 3301 1170 3369 satis
1197 3302 1291 3367 nobis
1319 3308 1406 3368 nota.
1429 3341 1475 3350 —

246 3416 416 3477 senserunt
442 3408 541 3492 igitur
568 3408 672 3492 amici,
704 3407 788 3472 inter
810 3426 891 3490 quos
920 3406 989 3473 sine
1013 3406 1110 3473 dubio
1133 3408 1276 3474 Vitorius
1299 3409 1476 3478 Marcellus

246 3517 319 3601 fuit,
351 3515 488 3581 Fabium
521 3515 602 3581 libro
636 3514 677 3580 de
711 3513 819 3581 causis
853 3521 1022 3601 corruptae
1055 3515 1258 3599 eloquentiae
1291 3515 1476 3602 conscripto

246 3630 370 3689 tantum
402 3622 546 3689 ualuisse
579 3622 611 3686 in
643 3621 768 3687 animos
801 3620 977 3707 hominum,
1013 3629 1049 3689 ut
1081 3622 1201 3689 audere
1232 3629 1344 3708 posset
1376 3643 1477 3709 opere

246 3732 368 3797 maiore
406 3736 577 3814 corruptae
614 3747 777 3814 opponere
814 3748 912 3794 uerae
951 3729 1155 3812 eloquentiae
1192 3729 1342 3814 speciem.
1397 3731 1476 3814 quin

248 3838 346 3904 etiam
370 3837 493 3903 Caesar
525 3835 653 3901 uidetur
686 3834 860 3901 arbitratus
890 3856 963 3902 esse
990 3843 1058 3902 tum
1086 3836 1241 3922 optimum
1269 3837 1476 3921 eloquentiae

247 3946 437 4030 magistrum
461 3951 589 4011 exstare
604 3942 846 4021 Quintilianum.
884 3965 960 4010 nam
982 3945 1103 4011 sororis
1126 3951 1261 4031 nepotes
1286 3947 1316 4011 ci
1339 3943 1477 4011 tradidit

247 4052 447 4119 educandos:
473 4051 508 4117 cf
526 4052 570 4117 lV
593 4071 726 4136 prooem
740 4054 760 4132 ἓ
776 4055 805 4117 2.
851 4071 913 4135 quo
936 4072 1068 4118 munere
1091 4050 1354 4118 honorificentius
1370 4051 1474 4118 Fabio

247 4160 333 4226 tradi
361 4179 424 4224 non
447 4159 559 4244 potuit,
594 4158 623 4224 si
652 4158 728 4223 licet
758 4158 849 4242 sequi
873 4158 1099 4245 Spaldingii
1131 4160 1347 4226 coniecturam
1376 4158 1475 4225 ualde

247 4266 456 4352 probabilem.
494 4265 522 4331 is
538 4265 622 4332 enim
645 4266 678 4330 in
702 4263 913 4331 adnotatione
937 4286 1020 4350 quae
1036 4265 1143 4331 estad
1159 4266 1170 4330 l
1186 4265 1208 4331 d
1231 4273 1324 4351 putat
1337 4271 1473 4351 nepotes

247 4374 321 4441 illos
344 4372 524 4438 Domitiani
548 4373 668 4439 sororis
692 4372 824 4440 eosdem
847 4393 920 4440 esse
943 4392 1062 4458 pueros
1086 4393 1167 4456 quos
1180 4373 1332 4458 princeps
1347 4372 1474 4459 imperii

248 4502 322 4548 esse
346 4499 550 4547 successores
573 4479 716 4546 uoluisse
740 4479 878 4545 traditur
901 4480 1122 4546 aSuetonio
1147 4480 1179 4545 in
1194 4480 1282 4545 uitae
1296 4479 1475 4545 Domitiani
