3128 4942
667 243 711 310 59

81 437 198 504 seriem
220 444 252 503 et
276 456 404 504 cursum
427 458 533 504 rerum
556 439 759 525 perlustrans
782 438 888 506 medio
913 445 946 506 ct
969 460 1073 524 aequo
1097 440 1204 507 animo
1223 461 1306 526 qnae

80 544 170 610 uidet
202 544 350 632 concipit.
391 545 507 630 itaque
539 565 603 612 non
635 546 787 614 irascitur
820 547 867 613 eis
900 546 955 630 qui
987 546 1148 614 deteriore
1176 555 1308 616 utuntur

81 651 234 718 facundia
258 673 355 738 quam
378 674 462 738 quac
485 653 547 720 fuit
569 653 654 740 clim,
682 675 787 738 neque
810 655 995 740 uituperare
1019 675 1123 740 neque
1146 657 1306 740 corrigere

82 761 131 827 sui
154 762 295 828 muneris
319 781 393 854 esse
416 761 598 848 arbitratur,
628 762 687 830 sed
711 761 883 849 explicare,
912 783 976 846 qua
999 761 1041 828 de
1064 782 1165 830 causa
1189 770 1221 830 et
1244 785 1306 848 quo

80 869 176 934 modo
200 869 233 934 in
257 891 330 936 eum
353 890 447 955 quem
471 871 572 938 cernit
586 877 705 937 statum
720 870 913 956 peruenerit.
945 871 1056 954 itaque
1071 877 1209 957 apparet
1223 893 1306 939 com·

80 976 250 1063 paratione
273 977 361 1044 facta
375 978 556 1046 technica
572 977 619 1044 uti
634 978 760 1044 ratione
774 978 920 1063 Fabium,
939 978 1089 1045 Taciturn
1102 979 1305 1048 historica.

81 1105 165 1169 quae
188 1084 372 1152 differentia
395 1106 467 1152 cum
489 1085 533 1152 ad
557 1092 658 1152 totum
678 1085 850 1152 enarrandi
865 1105 968 1170 genus
982 1086 1153 1172 pertineat,
1176 1092 1209 1154 et
1222 1088 1306 1154 ultro

81 1193 216 1259 sentitur
248 1199 281 1259 et
313 1214 352 1260 ex
387 1194 524 1277 singulis
555 1192 654 1260 facile
685 1193 887 1280 perspicitur.
938 1213 977 1259 ac
1008 1193 1145 1279 primum
1177 1194 1306 1278 quidem

81 1321 291 1386 quaecunque
314 1300 348 1367 in
370 1302 512 1386 Dialcgo
535 1308 665 1370 exstant
693 1301 770 1369 inde
799 1322 820 1366 a
843 1301 951 1386 capite
974 1303 1016 1369 36
1045 1300 1087 1367 de
1110 1301 1219 1368 causis
1243 1303 1307 1369 elo·
1335 1366 1337 1369 ,

82 1408 233 1491 quentiae
263 1409 415 1495 minutae,
449 1430 489 1476 ea
512 1408 711 1487 Quintiliano
735 1429 776 1475 ne
799 1408 833 1473 in
859 1414 999 1475 mentem
1022 1407 1153 1491 quidem
1175 1409 1306 1477 uenisse

82 1515 274 1601 putauerim.
313 1516 358 1582 ibi
381 1517 467 1582 enim
496 1538 567 1584 curn
590 1515 795 1600 eloquentiae
819 1514 937 1582 damno
957 1515 1079 1583 factum
1093 1537 1167 1584 esse
1181 1516 1306 1603 dicitur,

81 1629 117 1688 ιιι
140 1643 261 1690 causae
285 1623 500 1707 grauissimae
527 1644 592 1690 non
619 1624 684 1690 iam
712 1622 757 1688 ad
779 1623 933 1708 populum
956 1632 1138 1710 agerentur,
1171 1623 1230 1690 sed
1263 1624 1308 1689 ad

81 1730 204 1798 iudicia
234 1731 488 1816 centumuiralia,
521 1737 557 1797 ut
584 1730 749 1798 derebus
776 1729 926 1796 maximis
949 1736 1006 1796 aut
1029 1730 1062 1796 in
1085 1731 1172 1816 urbe,
1199 1731 1306 1817 Italia,

82 1839 258 1924 prouinciis
282 1838 489 1906 instituendis
517 1845 574 1905 aut
602 1845 694 1905 extra
722 1837 891 1924 imperium
914 1837 1067 1922 gerendis
1091 1858 1151 1905 nec
1174 1844 1308 1906 senatus

82 1946 269 2015 decerneret
291 1967 397 2030 neque
419 1945 550 2014 comitia
574 1946 694 2015 ferrent
717 1945 883 2031 suffragia,
913 1945 971 2012 sed
995 1966 1078 2014 unus
1102 1944 1308 2013 deliberaret.

82 2076 165 2139 quae
198 2076 238 2122 ex
269 2056 337 2122 ulla
374 2063 468 2141 parte
504 2054 555 2121 his
584 2055 649 2122 sint
680 2054 799 2121 similia
826 2074 891 2120 non
918 2054 1123 2121 inueniuntur
1150 2054 1184 2119 in
1212 2054 1307 2122 Insti-

81 2163 213 2230 tutione.
237 2199 280 2210 -
304 2164 440 2230 alteram
473 2182 607 2229 causam
640 2161 775 2230 Tacitus
808 2161 972 2229 existimat
1003 2163 1144 2248 positam
1172 2182 1246 2229 osse
1275 2163 1309 2227 in

81 2289 253 2355 puerorum
285 2269 604 2354 adulescentiumque
636 2269 827 2338 educatione
860 2276 893 2335 et
924 2270 1113 2338 eruditione.
1161 2268 1309 2337 similiter

82 2397 122 2443 ex
146 2376 267 2444 scholis
289 2377 423 2445 fluxisse
447 2377 662 2463 corruptelam
685 2375 861 2442 rhetorices
875 2375 997 2443 Fabius
1011 2382 1113 2462 putat
1151 2374 1212 2443 sed
1235 2397 1307 2443 cum

83 2485 170 2552 solos
194 2483 401 2551 declamandi
424 2485 599 2569 magistros
622 2485 656 2550 in
679 2484 730 2552 ius
754 2490 857 2569 uocet,
881 2503 945 2549 non
968 2483 1060 2550 uidet
1081 2504 1135 2550 res
1148 2485 1307 2552 humanas

81 2599 148 2658 tam
172 2598 261 2658 arcte
284 2592 367 2657 inter
390 2612 427 2660 se
450 2592 632 2678 cohaerere,
655 2598 691 2657 ιιι
713 2611 777 2657 non
797 2590 939 2658 sufficiat
953 2591 1133 2677 proximam
1146 2611 1307 2676 quamque

82 2720 214 2765 causam
236 2699 315 2765 mali
337 2699 506 2787 indagare,
535 2699 594 2767 sed
618 2700 660 2767 sit
682 2719 818 2767 necesse
841 2698 1040 2766 descendere
1063 2698 1108 2765 ad
1131 2700 1236 2766 fontes
1259 2719 1307 2764 re·

83 2806 241 2893 conditos,
265 2828 283 2874 e
308 2807 424 2891 quibus
447 2807 505 2874 illa
527 2828 580 2875 res
604 2828 688 2891 quae
708 2828 809 2875 causa
827 2828 901 2875 esse
914 2807 1017 2893 primo
1032 2809 1145 2874 obtutu
1159 2805 1310 2873 uideatur

82 2921 114 2980 et
146 2915 219 3000 ipsa
251 2913 447 3001 profluxerit.
505 2915 553 2981 ita
584 2914 661 2980 fecit
694 2914 843 2999 Tacitus,
876 2914 996 3001 quippe
1030 2915 1084 2999 qui
1115 2934 1155 2980 ex
1184 2933 1307 2980 morum

81 3021 245 3106 prauitate
269 3020 311 3086 ad
341 3021 558 3106 eloquentiam
584 3019 768 3088 redundare
795 3020 971 3106 pernicicm
999 3021 1061 3088 sibi
1088 3020 1308 3107 persuaderet.

82 3147 122 3193 ea
146 3129 231 3195 enim
253 3128 415 3195 intellexit
441 3128 563 3195 factum
591 3148 673 3214 esse,
705 3133 741 3193 ut
771 3134 924 3214 parentes
953 3149 1016 3195 non
1049 3128 1169 3196 iustam
1199 3147 1308 3194 curam

82 3232 307 3318 impenderent
339 3235 458 3320 liberis,
490 3242 526 3302 ut
557 3235 649 3322 pueri
679 3235 745 3301 iam
774 3243 886 3302 tenera
919 3242 1037 3322 aetate,
1069 3235 1176 3320 magis
1209 3234 1308 3302 etiarn

82 3339 309 3407 adulescentes
338 3342 381 3408 ad
409 3342 519 3409 studia
546 3363 703 3429 peruersa
726 3343 922 3428 aberrarent,
950 3348 986 3408 ut
1008 3343 1070 3410 uiri
1093 3342 1231 3409 fractam
1254 3363 1308 3409 ex-

82 3448 256 3533 primerent
279 3448 507 3534 eloquentiam.
533 3487 572 3498 -
597 3457 706 3517 tamen
728 3451 842 3535 negari
865 3470 929 3516 non
952 3456 1061 3535 potest
1083 3449 1116 3515 in
1135 3448 1307 3517 tractanda

83 3577 123 3623 ea
146 3575 247 3621 causa
275 3556 328 3622 uel
356 3554 540 3622 deminutae
569 3558 622 3624 uel
650 3564 821 3643 corruptae
844 3556 1049 3642 eloquentiae
1073 3577 1157 3641 quae
1181 3564 1307 3643 spectet

82 3663 126 3730 ad
149 3663 383 3731 institutionem
405 3664 581 3732 iuuentutis
605 3665 760 3731 nonnulla
784 3663 984 3743 Quintiliano
1008 3685 1081 3731 cum
1094 3664 1210 3732 Tacito
1235 3685 1308 3732 esse

82 3771 270 3839 communia.
317 3771 522 3856 conqueritur
553 3771 688 3838 Tacitus
720 3771 761 3838 de
794 3770 932 3839 stultitia
964 3771 1224 3856 declamatorum,
1255 3772 1309 3855 qui

85 3880 189 3967 „fictis
221 3901 282 3948 nec
314 3881 379 3946 ullo
411 3878 507 3945 modo
540 3878 584 3944 ad
615 3878 787 3946 ueritatem
823 3878 1052 3946 accedentibus
1084 3879 1312 3946 controuersiis

81 3988 226 4071 linguam
252 3989 348 4055 modo
377 3994 410 4056 ct
432 4007 545 4054 uocem
573 3986 764 4054 exerceant‘
787 3985 820 4074 (c
843 3989 910 4069 31).
954 3987 1052 4072 plane
1076 3986 1211 4054 eaedem
1234 3993 1309 4054 sunt

82 4095 233 4178 querelae
265 4096 360 4163 Fabii
394 4115 477 4180 quae
509 4096 661 4180 leguntur
689 4095 717 4160 V
742 4096 792 4179 12,
827 4096 866 4161 17
896 4100 971 4178 sqq}
1020 4093 1098 4159 VIII
1120 4097 1150 4180 3,
1183 4096 1234 4179 76,
1267 4093 1308 4161 de

83 4202 200 4286 quibus
222 4202 303 4269 locis
326 4205 424 4290 paulo
454 4209 529 4269 ante
557 4202 733 4289 disputaui.
779 4207 812 4268 et
834 4207 870 4267 ut
893 4201 946 4268 hic
974 4200 1215 4287 impudentiam,
1244 4221 1308 4266 am-

82 4311 245 4395 bitionem,
277 4311 444 4394 ignauiam
471 4318 504 4377 et
530 4316 777 4398 praeceptorum
805 4314 838 4374 ct
865 4308 1097 4395 discipulorum
1125 4309 1309 4394 castigauit,

82 4419 129 4484 ita
161 4419 217 4485 ille
248 4418 409 4504 improbat
443 4418 705 4501 adulescentulos
738 4416 856 4483 deduci
888 4417 921 4481 in
955 4436 1107 4483 scaenam
1140 4416 1309 4484 scholasti·

84 4545 193 4600 corum
216 4525 271 4620 qui
295 4525 441 4599 rhetores
465 4533 623 4601 uocantur
646 4524 678 4612 (c
701 4523 774 4619 35),
805 4544 869 4596 nou
897 4523 994 4593 facile
1018 4543 1053 4588 se
1077 4522 1185 4592 dicere
1211 4543 1310 4610 posse
