3128 4942
758 305 802 372 65

168 500 273 585 capite
306 497 406 586 15:¹³⁸)
441 537 481 547 -
513 499 641 565 accedit
676 500 762 584 quod
793 500 999 567 Domitianus
1032 500 1128 567 etiam
1168 503 1391 570 consularibus

168 608 363 673 ornamentis
386 607 523 672 Fabium
554 608 739 673 honorauit:
774 607 861 691 quod
892 615 1003 673 narrat
1031 608 1226 676 Ausonius
1259 610 1292 674 in
1321 632 1393 694 gra·

167 714 283 778 tiarnm
308 714 435 780 actione
458 731 488 799 p'
504 718 570 781 290
594 714 634 780 ed
658 715 719 799 Bip
745 712 903 801 [=p195
927 715 1000 780 Toll
1024 716 1100 780 anni
1127 714 1233 804 1669).
1280 718 1315 782 cf
1333 717 1394 783 In·

167 821 323 887 uenalis
348 827 400 886 sat
422 822 484 886 VH
509 825 571 888 186
598 843 666 906 sqq.

257 927 349 1005 Quae
364 949 435 994 cum
458 929 505 994 ita
524 930 596 1013 sint,
620 949 683 994 non
708 935 758 994 est
781 928 867 1012 quod
882 929 1073 1014 dubitemus,
1097 929 1173 1013 quin
1188 938 1262 1017 post
1277 931 1393 997 librum

168 1033 209 1098 de
233 1035 341 1100 causis
365 1035 487 1102 editum
509 1036 655 1101 homines
679 1036 796 1101 eruditi
825 1037 947 1103 reiecta
970 1037 1124 1102 facundia
1147 1059 1302 1123 peruersa
1326 1059 1392 1104 am-

167 1141 265 1226 plecti
295 1144 459 1228 coeperint
488 1164 602 1209 sanam
629 1164 811 1226 ueramque.
858 1165 898 1209 ac
920 1144 1030 1210 nescio
1059 1166 1102 1209 an
1130 1153 1301 1230 corruptae
1330 1146 1394 1211 elo·

168 1249 319 1332 quentiae
343 1249 495 1316 adseclas
518 1250 600 1316 libro
624 1258 795 1336 superatos
824 1250 1043 1328 Quintilianus
1067 1251 1225 1319 deuicerit
1253 1260 1285 1318 et
1307 1252 1395 1319 humi

166 1357 320 1422 strauerit
343 1378 441 1441 opere
454 1357 510 1421 illo
525 1359 657 1443 maiore,
681 1379 743 1440 quo
760 1357 926 1424 doctrinae
951 1359 1105 1443 egregiae
1121 1362 1252 1426 uberem
1266 1361 1393 1446 copiam

167 1462 289 1546 effudit,
317 1462 512 1547 sapientiam
541 1484 580 1528 ex
603 1483 664 1528 usu
688 1462 808 1528 forensi
830 1464 1001 1530 utilissime
1028 1474 1211 1551 promptam
1233 1467 1392 1553 probauit,

166 1567 346 1633 rhetoricae
379 1568 518 1651 denique
551 1569 631 1634 artis
663 1570 820 1635 rationem
844 1578 877 1636 et
908 1570 1113 1656 disciplinam
1146 1574 1287 1656 eleganti
1322 1596 1396 1660 pru-

167 1674 319 1759 dentique
347 1674 466 1741 iudicio
495 1676 716 1761 praescripsit.
764 1677 943 1742 certissime
971 1678 1056 1743 enim
1084 1677 1290 1744 admirabilia
1319 1688 1393 1746 sunt

166 1781 288 1865 ingenii
311 1783 448 1848 Romani
470 1791 677 1849 monumenta
701 1783 871 1849 duodecim
893 1783 941 1848 illi
964 1784 1046 1869 libri,
1071 1785 1126 1868 qui
1148 1806 1287 1852 messem
1311 1786 1393 1853 fruc-

166 1896 296 1974 tumque
321 1891 484 1957 continent
507 1912 571 1956 non
594 1891 688 1957 unius
712 1891 840 1957 aetatis.

256 1998 321 2064 Sed
353 1998 442 2064 haud
468 1999 515 2065 ita
544 1999 600 2065 diu
631 2000 794 2064 hominum
827 1999 936 2065 studia
965 2007 997 2064 et
1024 2000 1146 2066 iudicia
1176 2001 1210 2066 in
1239 2000 1293 2065 uia
1322 2022 1394 2086 per·

165 2112 351 2171 manserunt
391 2107 562 2191 praeclara
599 2127 696 2189 quam
731 2107 915 2172 muniuerat
950 2108 1081 2174 Fabius.
1132 2108 1298 2173 Hadriano
1336 2109 1393 2173 im-

165 2218 300 2295 perante
332 2232 397 2276 non
432 2214 555 2279 minore
588 2233 684 2295 quam
721 2232 785 2296 qua
821 2213 927 2277 fuerat
963 2213 1019 2278 ille
1056 2215 1195 2281 auctorit
1196 2223 1250 2281 ate
1286 2215 1394 2281 floruit

165 2317 198 2380 M
223 2318 426 2383 Cornelius
449 2319 608 2383 Fronto:
637 2319 666 2384 is
696 2318 780 2384 enim
825 2326 892 2384 tum
921 2327 1084 2384 oratorum
1112 2322 1249 2387 obtinuit
1236 2323 1392 2444 tprinci-

165 2430 224 2509 pat
224 2446 285 2490 um.
332 2424 374 2491 de
403 2445 465 2508 quo
494 2425 530 2491 cf
547 2427 580 2490 M
602 2425 756 2490 Hertzii
784 2424 859 2490 doct
846 2431 913 2491 tum
939 2426 1147 2511 lepidumque
1174 2428 1320 2493 libellum
1346 2449 1392 2494 ιιι-

167 2531 321 2617 scriptnm
343 2533 611 2600 Renaissance
634 2533 708 2598 und
732 2535 881 2599 Rococo
906 2531 1063 2620 (Berolini
1089 2533 1188 2622 1865)
1211 2557 1233 2621 p
1257 2539 1299 2615 26
1324 2556 1393 2619 sqq.

167 2639 352 2722 eloquentia
379 2647 488 2706 autem
511 2661 607 2740 quam
634 2641 729 2706 homo
752 2639 925 2707 Africanus
955 2641 1065 2707 docuit
1092 2650 1215 2708 utnon
1242 2641 1303 2708 fuit
1327 2662 1393 2708 cor·

165 2753 269 2832 rupta,
302 2747 349 2814 ita
380 2748 478 2832 plane
511 2747 678 2814 abhorruit
707 2749 749 2814 ab
781 2748 861 2814 artis
889 2748 1017 2832 legibus
1046 2770 1067 2814 a
1091 2747 1290 2826 Quintiliano
1320 2769 1393 2815 con·

257 2923 292 2991 ⁸⁸)
312 2925 365 2990 Qui
387 2925 428 2979 ibi
451 2927 708 2990 commemorantur,
732 2926 867 2980 filiisunt
890 2927 982 2980 Flauii
1006 2927 1163 2992 Clementis,
1187 2926 1322 2996 patruelis
1340 2927 1392 2981 Do·

165 3013 285 3068 mitiani.
323 3031 405 3083 quem
419 3013 449 3067 in
462 3013 639 3068 matrimonio
656 3013 784 3068 habuisse
796 3014 970 3069 Domitillam
984 3016 1112 3069 docemur
1126 3033 1144 3069 a
1157 3017 1264 3070 Dione
1279 3016 1393 3070 Cassio

167 3103 317 3171 [Xiphilini
340 3106 476 3172 excerpta,
501 3102 686 3170 ici‚014]:
711 3103 760 3170 qui
782 3103 863 3157 illam
886 3103 954 3158 dicit
981 3105 1065 3158 fuisse
1089 3111 1199 3176 συγγενῆ
1217 3105 1227 3159 i
1247 3121 1261 3160 e
1280 3122 1392 3159 consan-

165 3191 297 3260 guineam
320 3192 478 3248 Clementis.
520 3192 617 3260 quodsi
643 3191 695 3246 filii
724 3192 873 3247 Clementis
901 3195 930 3247 et
952 3193 1113 3248 Domitillae
1136 3212 1165 3248 rc
1193 3212 1259 3249 uera
1282 3197 1394 3249 luerunt

166 3283 278 3350 nepotes
298 3279 319 3348 [i
334 3297 349 3335 e
362 3281 462 3350 Enkel]
483 3282 580 3336 sororis
595 3281 757 3348 Domitiani,
777 3300 862 3350 quam
875 3283 945 3337 item
957 3283 1131 3338 nominatam
1149 3301 1206 3339 esse
1220 3284 1394 3338 Domitillam

166 3369 234 3423 dicit
258 3369 453 3437 Suetonius,
481 3389 500 3425 u
518 3372 622 3440 Vespas
647 3373 705 3438 c3,
733 3372 908 3428 Domitillam
934 3373 1070 3429 minorem
1099 3376 1169 3428 natu
1195 3373 1283 3428 filiam
1309 3373 1393 3427 fuisse

165 3459 277 3514 maioris
295 3460 446 3515 necessario
465 3459 629 3529 colligimus.
660 3461 783 3528 [adrem
802 3463 830 3517 cf
842 3463 1051 3517 Philostrati
1069 3463 1159 3517 uitam
1173 3462 1314 3533 Apollonii
1327 3462 1394 3517 VIII

165 3549 200 3602 25
216 3549 285 3618 (=i
303 3569 322 3618 p
340 3550 393 3603 338
407 3549 441 3618 Κ)
461 3568 523 3604 curn
547 3549 698 3604 Reimari
717 3553 752 3606 ad
770 3552 865 3607 Dionis
884 3552 894 3605 l
913 3552 931 3605 d
950 3552 1149 3620 adnotationc].
1172 3581 1209 3589 -
1232 3551 1305 3621 quod
1327 3569 1393 3607 nero

165 3639 211 3692 'Ph
226 3639 449 3694 Mommsenns
468 3638 498 3693 in
516 3639 629 3694 indice
647 3640 755 3694 Plinii
774 3641 890 3695 editioni
904 3641 1048 3696 Keilianae
1069 3641 1153 3710 (quae
1166 3641 1270 3710 prodiit
1284 3641 1393 3710 Lipsiae

165 3746 181 3784 a
202 3729 282 3794 1870)
307 3729 402 3784 addito
421 3729 471 3783 rub
495 3746 561 3783 noce
578 3730 608 3783 M
626 3729 752 3783 Fabius
771 3730 1010 3796 Quintilianus
1034 3730 1103 3785 dicit
1121 3730 1291 3785 Clementem
1309 3730 1393 3785 fuisse

165 3819 298 3874 maritum
312 3818 481 3884 Domitillae,
496 3818 650 3873 Domitiani
664 3819 770 3885 sororis,
790 3820 891 3874 calami
904 3820 984 3889 lapsu
999 3819 1025 3874 ei
1040 3820 1151 3873 uidetur
1165 3820 1303 3874 excidisse.
1326 3837 1393 3873 narn

165 3911 282 3963 stemma
300 3909 392 3979 gentis
410 3908 524 3963 Flauiae
549 3909 623 3975 quod
641 3909 742 3962 statuit
761 3908 781 3962 C
799 3909 813 3962 I
831 3909 852 3963 L
870 3909 910 3964 vi
932 3912 944 3962 1
969 3910 1004 3964 ad
1029 3909 1146 3963 titulum
1169 3928 1189 3963 n
1207 3910 1258 3964 948
1279 3909 1309 3977 [p
1330 3908 1390 3976 173]

167 3996 249 4063 plane
267 4000 406 4068 conspirat
425 4017 487 4054 cum
505 3998 663 4054 coniectura
681 3999 744 4068 spi:
764 4016 797 4053 ex
815 3999 892 4053 cuius
911 3999 1050 4053 sententia
1069 4001 1188 4054 stemma
1204 3999 1256 4053 hoc
1274 4002 1329 4053 est:

449 4088 624 4143 Domitianus
643 4088 708 4157 Aug
815 4087 961 4142 Domitilla
980 4086 1075 4156 [soror]
1095 4089 1109 4142 I

591 4302 704 4358 Flaunis
723 4301 755 4356 Ol
795 4330 830 4339 -
880 4301 1027 4356 Domitilla
1043 4301 1077 4359 ΙΙ,

547 4391 626 4443 [irater
640 4391 790 4441 Vespasiani.)

678 4516 737 4581 filii,
757 4532 920 4570 successores

639 4607 727 4662 iuturi
752 4605 913 4660 Domitiani.

245 4697 366 4744 Reuter,
383 4697 418 4737 De
432 4695 570 4742 Quintiliani
583 4695 651 4736 lioro.
