3128 4942
759 231 799 294 41

166 420 259 487 illum
282 443 353 488 cum
376 423 496 489 iudicio
521 424 690 508 studioque
719 426 978 493 nondissentire
1002 446 1235 510 cognoscamus
1258 423 1391 503 aQuin-

165 529 290 613 tiliano,
315 530 461 596 similiter
484 538 580 614 atque
605 532 687 598 hunc
711 533 870 598 infensum
894 531 994 599 fuisse
1018 534 1176 618 corruptis
1191 534 1391 599 arbitremur.

167 637 286 703 etenim
314 658 379 702 non
406 637 501 703 modo
530 660 613 721 quae
643 640 683 704 de
712 640 896 723 eloquentia
924 641 957 705 in
984 641 1169 706 uniuersum
1197 640 1303 724 sentit,
1332 638 1391 706 sed

167 743 267 811 otiam
292 745 420 829 singula
444 767 528 828 quae
552 746 592 812 de
617 747 754 830 singulis
774 748 950 813 recentium
964 747 1086 832 profert
1100 747 1188 813 uitiis
1205 747 1391 831 conspirant

166 871 240 917 cum
264 852 311 917 eis
335 873 418 934 quae
441 853 562 919 Fabius
587 854 628 919 de
653 854 775 920 eisdem
798 855 894 920 rebus
923 860 1042 922 censet.
1089 874 1173 937 quae
1196 854 1293 939 paulo
1316 861 1391 938 post

166 958 355 1025 adcuratius
389 960 580 1044 exponenda
613 968 717 1045 erunt,
750 961 805 1027 ubi
838 961 1067 1047 disputandum
1100 961 1161 1026 erit
1193 960 1234 1026 de
1265 960 1390 1026 ratione

165 1085 251 1150 quae
275 1065 446 1132 intercedit
469 1068 552 1132 inter
575 1069 682 1133 Taciti
701 1068 875 1152 Dialogum
899 1076 931 1134 et
952 1068 1048 1133 Fabii
1072 1068 1113 1134 de
1137 1069 1244 1134 causis
1267 1068 1391 1133 librum.

261 1189 313 1277 13)
342 1190 493 1258 Plinius
526 1192 726 1260 Secundus
759 1214 830 1259 cum
858 1201 890 1258 et
917 1195 988 1279 ipse
1011 1193 1096 1279 epist
1118 1193 1151 1256 Π
1177 1196 1225 1277 14,
1250 1197 1269 1257 2
1293 1191 1391 1269 Quin-

165 1297 272 1361 tiliani
305 1318 340 1364 se
373 1318 446 1364 esse
479 1299 673 1384 discipulum
709 1307 846 1367 testetur
883 1309 916 1367 et
948 1302 1127 1366 elocutione
1164 1307 1273 1365 utatur
1310 1320 1391 1385 pura

166 1405 412 1491 emendataque,
445 1427 509 1471 non
542 1414 592 1472 est
624 1429 679 1473 onr
712 1408 901 1492 dubitemus,
939 1408 1016 1491 quin
1054 1409 1151 1474 etiam
1184 1406 1391 1489 orationibus,

165 1531 248 1594 quas
280 1511 393 1578 habuit
425 1515 600 1599 multas2⁸),
632 1516 780 1598 magistri
811 1521 987 1600 praecepta
1025 1515 1067 1582 sit
1101 1522 1240 1581 secutus.
1296 1520 1327 1580 et
1358 1513 1392 1577 in

167 1619 316 1704 epistulis
340 1621 402 1686 etsi
425 1642 584 1704 nusquam
607 1623 770 1706 expressis
794 1623 901 1687 uerbis
926 1620 1110 1686 facundiam
1134 1627 1317 1705 corruptam
1335 1620 1391 1685 ille

167 1724 309 1811 incessit,
337 1735 445 1793 tamen
472 1729 536 1794 loci
565 1729 769 1794 inueniuntur
798 1729 912 1812 quibus
936 1728 994 1793 illa
1018 1729 1059 1794 dc
1082 1748 1120 1793 eo
1146 1727 1305 1794 sententia
1328 1734 1391 1793 sta·

165 1833 307 1901 biliatur.
356 1835 435 1901 dicit
459 1837 543 1921 enim
566 1837 691 1903 Plinius
715 1843 846 1902 austera
861 1842 894 1901 et
907 1856 1022 1920 pressa
1037 1835 1184 1901 dulcibus
1198 1833 1392 1916 blandisque

165 1940 382 2026 praeferenda
406 1963 479 2008 esse
503 1950 535 2009 et
557 1943 589 2007 Π
612 1946 660 2027 19,
684 1947 713 2027 6,
737 1943 792 2008 ubi
815 1944 915 2008 uerba
938 1943 1019 2008 haec
1043 1948 1130 2009 sunt:
1160 1948 1276 2024 quotus
1307 1941 1392 2023 quis·

169 2068 231 2131 que
255 2055 321 2112 tam
344 2055 451 2115 rectus
475 2049 603 2114 auditor
626 2071 719 2132 quem
743 2071 807 2115 non
830 2050 939 2134 potius
963 2050 1071 2115 dulcia
1085 2048 1167 2114 haec
1191 2056 1223 2113 et
1242 2047 1392 2115 sonantia

168 2175 265 2239 quam
288 2163 420 2222 austera
444 2163 476 2222 et
498 2177 612 2241 pressa
636 2157 818 2223 delectent?
843 2165 876 2222 et
899 2158 959 2221 Vll
985 2162 1034 2241 18,
1061 2160 1107 2241 10,
1130 2157 1186 2222 ubi
1208 2155 1290 2222 haec
1313 2155 1392 2237 legi-

166 2283 252 2328 mus:
285 2284 407 2348 precor,
436 2270 471 2328 ut
499 2263 691 2346 quandoque
720 2265 831 2329 ueniat
858 2264 1030 2329 dies
1064 2284 1127 2346 qno
1158 2263 1297 2330 austeris
1326 2263 1392 2328 illis

168 2370 356 2453 seuerisque
381 2369 489 2436 dulcia
513 2371 594 2436 haec
618 2371 803 2453 blandaque
826 2371 879 2435 uel
898 2372 984 2435 iusta
1000 2370 1209 2454 possessione
1224 2369 1392 2435 decedant.

168 2473 258 2562 (cf§
283 2480 328 2559 8).
374 2477 528 2562 deinceps
556 2478 641 2544 binis
669 2479 795 2563 litteris,
827 2479 902 2544 Hb
932 2485 964 2543 et
986 2478 1034 2541 IX
1058 2481 1109 2561 26,
1142 2476 1185 2541 ad
1212 2477 1393 2561 Lupercum

168 2583 257 2648 datis
282 2603 317 2648 se
341 2591 481 2669 excusat,
505 2585 592 2667 quod
614 2585 647 2650 in
662 2586 861 2651 orationibus
881 2605 961 2668 quas
976 2585 1023 2649 illi
1038 2583 1255 2669 perlegendas
1269 2583 1393 2649 miserit

167 2691 310 2756 fortasse
333 2691 485 2756 tumidior
509 2713 581 2758 esse
604 2693 709 2777 possit
732 2692 845 2758 uideri.
891 2699 957 2757 tum
981 2691 1205 2757 cacozeliae
1225 2691 1305 2756 uitio
1321 2711 1393 2755 eum

167 2803 225 2862 aut
247 2796 383 2863 liberum
407 2794 508 2865 fuisse
523 2807 579 2864 aut
593 2800 737 2865 uoluisse
752 2800 888 2865 liberum
905 2820 977 2866 esse
991 2806 1083 2884 patet
1102 2819 1142 2864 ex
1156 2799 1204 2862 111
1224 2802 1270 2883 13,
1285 2802 1314 2882 4,
1337 2798 1393 2863 ubi

166 2904 249 2970 haec
260 2905 386 2970 scribit:
402 2926 461 2971 neo
475 2926 551 2971 uero
568 2906 766 2971 adfectanda
782 2913 855 2973 sunt
870 2926 997 2992 semper
1011 2906 1098 2971 elata
1110 2912 1142 2971 et
1156 2905 1294 2972 excelsa.
1317 2912 1393 2970 nam

168 3013 259 3077 utin
282 3012 409 3097 pictura
424 3013 532 3078 lumen
555 3033 619 3077 non
643 3014 709 3079 alia
732 3034 785 3080 res
807 3015 913 3097 magis
938 3033 1034 3096 quam
1053 3014 1165 3078 umbra
1180 3010 1392 3095 commendat,

172 3116 217 3182 ita
231 3119 407 3185 orationem
431 3127 497 3185 tam
521 3121 708 3187 submittere
732 3142 827 3204 qnam
851 3121 1000 3187 attollere
1019 3119 1122 3186 decet.
1159 3139 1295 3203 quocum
1319 3138 1391 3183 con·

173 3225 300 3291 ueniunt
316 3247 400 3309 quae
415 3228 461 3292 ait
471 3229 518 3293 IX
529 3232 580 3314 26,
591 3233 626 3296 6:
642 3229 711 3293 acri
724 3228 901 3293 intentione
912 3227 1155 3293 diiudicandum
1174 3233 1233 3311 est,
1247 3224 1390 3290 immodi-

170 3350 239 3396 cum
253 3334 296 3398 sit
310 3355 353 3398 an
366 3334 498 3421 grande,
514 3336 614 3401 altum
630 3357 673 3400 an
687 3357 824 3402 enorme.
845 3335 983 3419 denique
994 3334 1244 3401 Demosthenem
1256 3332 1392 3398 Caluum

168 3439 308 3505 Tullium
342 3441 403 3506 sibi
431 3442 606 3508 imitandos
639 3443 790 3528 proponit
821 3444 836 3507 1
862 3447 890 3528 2,
915 3448 934 3508 2
960 3450 992 3508 et
1015 3443 1057 3508 IV
1083 3445 1112 3527 8,
1137 3446 1166 3507 5.
1212 3440 1244 3504 in
1270 3460 1333 3523 qua
1356 3460 1391 3504 re

166 3547 305 3614 maxime
329 3556 378 3613 est
400 3549 577 3614 notandum
601 3549 760 3615 Caluum
784 3552 825 3616 ab
850 3570 888 3616 eo
913 3549 1072 3636 appellari
1096 3568 1208 3614 suum.
1256 3547 1391 3612 Caluum
1511 3569 1514 3577 ·

166 3654 251 3718 enim
283 3662 411 3721 constat
443 3657 483 3721 ab
518 3656 602 3721 omni
630 3663 753 3722 tumore
777 3658 914 3723 maxime
938 3656 1152 3722 abhorruisse.
1197 3654 1303 3720 locum
1327 3674 1389 3738 quo

164 3762 535 3849 pronuntiationem,
560 3784 643 3846 quae
667 3772 735 3829 tum
757 3785 818 3830 usu
841 3765 939 3844 uenit,
964 3763 1077 3828 eodem
1093 3768 1276 3846 contemptu
1293 3768 1390 3844 atque

166 3866 385 3943 Quintilianus
409 3869 548 3955 despicit
570 3871 634 3936 iam
659 3871 754 3936 attuli
769 3894 790 3956 p
806 3875 848 3937 22
866 3872 930 3936 adn
950 3875 996 3936 14.
1029 3876 1169 3936 ceterum
1185 3869 1291 3934 omnia
1306 3888 1390 3951 quae

165 3974 290 4041 Plinius
315 3976 356 4042 de
380 3977 651 4061 generedicendi
676 3998 733 4044 suo
757 3977 819 4043 huc
843 3979 920 4044 illuc
944 3997 1060 4063 sparsa
1083 3974 1181 4042 refert
1204 3975 1389 4060 respicienti

164 4083 271 4166 magis
300 4083 343 4147 ad
370 4085 550 4150 ubertatem
578 4085 656 4149 mihi
683 4083 812 4151 uidetur
841 4106 936 4168 quam
965 4083 1009 4149 ad
1033 4083 1211 4149 exilitatem
1234 4082 1388 4148 orationis

257 4330 291 4402 ²⁸)
310 4334 374 4388 Loci
402 4334 501 4403 quibus
529 4335 656 4390 docemur
684 4335 716 4388 do
745 4353 778 4389 ea
800 4352 829 4388 re
853 4336 975 4405 congesti
999 4338 1064 4390 sunt
1088 4353 1105 4388 a
1127 4331 1259 4388 Teuffelio
1281 4333 1307 4384 H
1325 4333 1346 4386 L
1365 4334 1390 4386 lt

164 4424 179 4490 ἕ
199 4425 260 4491 340,
280 4426 296 4479 3
316 4423 392 4494 (²²1)
412 4425 462 4478 787
482 4425 515 4480 ed
533 4425 635 4494 Sclrw).
655 4425 747 4481 adfero
760 4425 800 4479 IV
816 4428 839 4479 5.
864 4425 888 4488 s,
908 4429 932 4478 4.
957 4426 999 4480 24.
1039 4425 1061 4480 V
1080 4425 1111 4483 12
1130 4422 1282 4485 orationem
1300 4423 1389 4492 publi·

164 4531 225 4568 earo
243 4514 358 4584 cogitat.
