3128 4942
704 228 744 291 21

117 421 274 506 rumpitur
300 421 404 487 oratio
435 427 513 504 quot
541 427 680 486 ornatur.
727 420 795 487 sed
828 421 873 488 dc
904 421 975 486 hac
1006 427 1118 505 parte
1152 417 1198 507 [id
1226 425 1276 485 est
1304 420 1345 486 de

116 526 288 616 κακοζήλῳ]
317 536 353 595 11
376 529 413 593 11
437 529 518 594 1111
542 549 657 614 opere
681 529 792 595 nobis
815 528 972 614 plenius
996 527 1142 592 dietum
1166 532 1225 592 111
1249 538 1285 592 11
1307 527 1345 592 in

116 636 573 720 hoesaepetractabitur
596 644 632 702 et
656 635 782 700 adbuc
806 642 1014 722 spargetur
1037 635 1212 700 omnibus
1235 634 1343 703 locis.

118 743 290 824 loquentes
314 742 398 807 enim
422 742 462 807 de
487 749 601 806 ornatu
625 743 761 808 subinde
785 763 869 826 quae
894 742 958 809 sint
980 742 1114 806 uitanda
1138 740 1257 807 similia
1283 741 1345 805 uir-

107 849 239 914 tutibus
255 848 335 913 uitia
355 849 507 914 dicemus.
524 885 562 896 -—
579 849 739 934 particula
754 849 822 915 sed
836 850 957 914 Fabius
981 870 1017 914 11
1036 855 1168 913 1111111
1188 846 1232 911 ad
1246 848 1346 913 eonti-

118 955 249 1019 nuanda
265 976 402 1038 eaquae
419 956 526 1040 coepit
541 963 689 1040 tractare,
705 956 748 1020 ad
763 956 981 1022 enumeranda
995 955 1077 1021 uitia
1097 962 1238 1020 omatus.
1260 956 1344 1040 nolo,

118 1062 228 1146 inquit,
258 1061 374 1145 longus
404 1084 477 1129 1111
500 1064 533 1127 in
557 1063 751 1147 explicanda
774 1067 945 1151 1111111111
969 1071 1094 1128 natura.
1143 1084 1219 1127 nam
1242 1060 1283 1126 de
1306 1082 1346 1127 11

118 1189 200 1251 quae
238 1168 376 1234 dicenda
415 1177 489 1234 sunt
526 1178 558 1235 et
596 1177 725 1236 exstant
757 1171 789 1234 in
822 1170 903 1235 libro
937 1170 978 1235 de
1011 1171 1119 1236 causis
1152 1175 1184 1235 11
1220 1170 1253 1233 in
1284 1168 1346 1233 hoe

117 1295 214 1360 opere
251 1275 314 1340 hue
350 1276 427 1341 illuc
465 1298 580 1361 sparsa
613 1277 825 1342 inueniuntur.
865 1315 908 1322 -
946 1276 1062 1359 quodsi
1103 1276 1136 1340 in
1173 1277 1220 1342 eis
1261 1296 1345 1358 quae

116 1389 267 1448 secuntur
304 1383 385 1447 uitia
423 1384 593 1448 uirtutibus
632 1384 740 1448 uicina
777 1391 882 1468 notat,
923 1404 1028 1448 nonne
1065 1382 1151 1448 idem
1183 1383 1346 1448 uidebitur

116 1489 233 1554 fecisse
271 1489 304 1553 in
341 1490 421 1555 libro
456 1490 496 1556 de
530 1491 660 1556 causis?
699 1490 785 1573 quod
814 1490 962 1573 equidem
1000 1491 1048 1555 sie
1085 1510 1120 1555 11
1147 1491 1268 1555 habere
1306 1509 1344 1554 eo

117 1596 221 1678 magis
267 1597 448 1681 putauerim
490 1597 576 1680 quod
617 1619 680 1661 non
721 1598 817 1662 uidco
865 1618 927 1681 quo
970 1597 1098 1661 omnino
1141 1596 1206 1660 alio
1248 1595 1344 1661 modo

117 1704 211 1786 plene
235 1703 342 1769 dicere
366 1704 506 1788 potuerit
530 1704 571 1768 de
594 1712 710 1768 natura
731 1704 914 1770 cacozeliae
938 1711 1035 1786 atque
1059 1703 1115 1787 ita,
1139 1708 1173 1766 ut
1196 1701 1343 1784 singulas

118 1809 186 1874 eius
210 1810 305 1876 sedes
330 1811 549 1895 perlustraret.
596 1811 686 1895 quid,
710 1811 796 1894 quod
823 1810 1069 1895 hyperbolen
1098 1808 1228 1892 quidem
1259 1807 1344 1872 illie

116 1919 590 1982 11111111111111111111111
615 1923 644 2003 6,
670 1919 894 2004 14-161111
923 1919 1083 1984 testatur?
1115 1916 1156 1982 dc
1184 1937 1246 1980 uno
1276 1915 1343 1998 egit

117 2030 319 2088 ornamento:
344 2024 456 2107 quidni
481 2025 681 2108 suspicemur
704 2046 776 2090 eum
792 2026 900 2108 egisse
925 2025 966 2090 dc
988 2024 1155 2108 pluribus?
1179 2023 1290 2105 itaque
1314 2022 1342 2087 si

114 2151 178 2194 non
203 2138 332 2215 certum,
357 2138 391 2194 11
414 2132 496 2196 11111
519 2131 687 2215 probabile
703 2153 776 2198 csse
800 2153 916 2197 censeo
933 2151 1191 2215 quaecumque
1220 2130 1257 2194 in
1283 2130 1343 2193 In·

116 2237 325 2302 stitutione
363 2245 541 2323 spectent
574 2238 622 2302 ad
655 2240 910 2304 elocutionem
953 2245 1231 2323 corruptorum,
1267 2236 1342 2300 iam

116 2345 296 2428 exposita
329 2345 453 2410 fuisse
476 2346 512 2410 in
536 2345 636 2410 libro
661 2346 706 2411 de
731 2367 804 2429 quo
829 2345 1100 2428 quaesiuimus.
1130 2381 1164 2390 -

203 2452 252 2517 Ne
276 2452 353 2535 quid
376 2453 670 2537 praetermittamus
695 2453 781 2537 quod
805 2453 943 2518 attineat
966 2452 1009 2516 ad
1033 2451 1246 2516 elocutionem
1273 2469 1340 2514 cor-

112 2565 290 2643 ruptorum,
315 2559 484 2624 adserendi
517 2567 591 2626 sunt
623 2560 686 2625 loci
721 2561 836 2644 quibus
868 2561 943 2626 illos
974 2559 1099 2625 uersari
1123 2557 1340 2635 Quintilianus

113 2664 191 2729 dicit
214 2667 246 2729 in
269 2665 440 2731 lectione
465 2673 496 2730 11
520 2666 746 2732 imitatione
769 2688 933 2752 peruersa.
979 2666 1075 2732 lectio
1100 2666 1185 2731 enim
1212 2671 1244 2730 11
1270 2664 1339 2728 11111-

112 2773 192 2836 tatio
226 2793 267 2837 ea
302 2793 337 2837 re
375 2773 548 2838 cohaerent
582 2795 652 2838 oum
690 2774 837 2840 oratione
866 2773 1053 2857 excolenda,
1083 2773 1168 2857 quod
1200 2770 1339 2855 legendo

112 2879 240 2964 copiam
263 2881 432 2945 uerborum
453 2880 546 2945 nobis
570 2901 732 2966 paramus,
757 2881 905 2947 sollerter
928 2880 1086 2945 imitando
1110 2880 1247 2945 uirtutes
1271 2879 1339 2962 qui-

111 2987 171 3051 bus
195 2993 310 3050 natura
334 2986 467 3068 ingenia
495 3008 558 3051 non
589 2986 723 3051 donauit
753 2987 969 3070 adsequimur.
1024 3007 1063 3051 ac
1096 2986 1137 3051 de
1168 2985 1338 3050 lectione

111 3093 141 3156 X
170 3098 195 3177 1,
219 3097 261 3158 43
286 3094 367 3157 11111
391 3101 534 3159 exstant:
560 3094 690 3177 quidam
710 3094 797 3160 solos
812 3101 939 3167 ueteres
962 3094 1120 3177 legendos
1143 3100 1338 3178 putant....,

111 3200 194 3266 alios
214 3220 327 3266 recens
347 3199 429 3265 haec
446 3201 583 3266 lasciuia
599 3200 802 3284 deliciaeque
819 3209 850 3267 11
866 3202 973 3266 omnia
988 3201 1032 3265 ad
1046 3201 1246 3285 uoluptatem
1259 3200 1338 3264 mul-

111 3307 258 3372 titudinis
283 3307 453 3391 imperitae
477 3309 657 3393 composita
681 3308 853 3373 delectant.
878 3347 918 3354 —
945 3307 1082 3373 conferri
1105 3314 1242 3392 possunt
1260 3307 1292 3370 Il
1307 3307 1337 3391 b,

115 3417 256 3479 10-12:
274 3415 417 3496 equibus
426 3413 509 3479 haee
524 3415 686 3480 exscribo:
702 3436 743 3480 ne
754 3415 788 3479 id
798 3415 928 3498 quidem
937 3414 1050 3479 inutile
1060 3410 1337 3498 etiam‘oorruptas

110 3520 286 3604 aliquando
298 3528 329 3586 et
343 3521 801 3605 111111111111111111....11ςί
815 3522 925 3607 palam
936 3520 1127 3604 ostendique
1137 3521 1170 3584 in
1179 3520 1230 3586 his
1241 3541 1337 3603 quam

109 3629 209 3692 multa
231 3629 406 3713 impropria
503 3627 629 3693 lasciua
650 3629 835 3695 effeminata
860 3629 938 3695 sint:
963 3650 1046 3712 quae
1070 3648 1134 3693 non
1162 3627 1337 3693 laudantur

108 3734 204 3800 modo
215 3757 235 3799 a
246 3736 419 3820 plerisque,
440 3734 517 3800 scd.
534 3786 541 3801 .
558 3787 564 3800 .
580 3786 587 3800 .
610 3743 742 3821 propter
756 3737 818 3801 hoe
833 3737 938 3821 ipsum
962 3735 1048 3819 quod
1064 3746 1137 3801 sunt
1151 3756 1254 3820 praua
1268 3736 1336 3800 lau·

109 3841 234 3907 dantur.
245 3880 288 3888 -
299 3841 339 3906 de
354 3842 572 3908 imitatione
587 3844 618 3907 X
635 3848 662 3927 ⁵2,
678 3847 697 3924 ἕ
715 3846 844 3909 14-18
859 3844 941 3909 haee
955 3843 1150 3908 inuenimus:
1174 3893 1245 3909 ....
1262 3848 1336 3909 sunt

107 3949 236 4033 plurimi
264 3949 318 4032 qui
342 3949 582 4014 similitudinem
612 3951 747 4034 pessimi
774 3950 928 4033 cuiusque
956 3958 988 4017 ct
1009 3950 1241 4034 corruptissimi
1262 3971 1334 4014 eon-

108 4056 293 4140 cupierint.
314 4109 321 4122 .
342 4106 375 4120 ..
402 4053 436 4142 (ξ
469 4055 521 4142 16)
552 4077 623 4120 cum
646 4057 687 4122 iis
712 4057 897 4123 felicissime
922 4058 1020 4122 cessit
1043 4057 1194 4142 imitatio,
1227 4057 1335 4123 uerbis

108 4169 207 4245 atque
235 4162 376 4227 numeris
407 4170 481 4228 sunt
507 4184 571 4227 non
599 4165 732 4229 multum
762 4163 960 4249 differentes,
993 4165 1058 4229 uim
1086 4164 1213 4229 dicendi
1237 4172 1335 4248 atque

35 4266 37 4271 ’
106 4269 302 4336 inuentionis
334 4290 397 4332 non
421 4269 624 4355 adsecuntur,
649 4270 708 4336 scd
731 4270 919 4356 plerumque
943 4271 1107 4336 declinant
1130 4271 1163 4335 in
1185 4271 1278 4356 peius
1303 4277 1335 4336 et

105 4376 253 4461 proxima
276 4376 448 4441 uirtutibus
480 4377 560 4441 uitia
592 4377 865 4463 comprehendunt
896 4379 1039 4462 fiuntque
1074 4399 1133 4462 pro
1157 4379 1334 4461 grandibus

106 4483 229 4568 tumidi,
253 4483 376 4568 pressis
401 4484 510 4568 exiles,
534 4484 672 4552 fortibus
695 4485 866 4570 temerarii,
890 4486 986 4551 laetis
1011 4485 1152 4570 corrupti
1176 4506 1244 4569 eqs.
