3128 4942
715 744 911 888 Vim.

759 969 866 984 Ν-ΑΛΛΛΑ

289 1096 379 1149 Natus
415 1079 475 1147 sum
509 1092 529 1147 C
552 1093 623 1147 GR
650 1092 825 1163 Augustus
852 1095 977 1149 Reuter
1004 1078 1301 1162 Gryphiswaldiae
1328 1092 1370 1148 VI
1394 1093 1434 1147 Id

199 1187 274 1240 Mart
291 1184 359 1237 1860
378 1185 459 1252 patre
476 1182 677 1247 Hermanno,
696 1185 757 1237 tum
775 1182 806 1235 in
823 1182 882 1248 illa,
901 1201 975 1237 nunc
992 1182 1023 1236 in
1040 1183 1094 1237 hac
1112 1182 1253 1238 academia
1270 1181 1434 1251 theologiae

199 1274 350 1344 professore
373 1289 433 1341 po,
460 1274 548 1325 matre
572 1272 726 1341 Augusta
749 1271 865 1326 oriunda
888 1288 902 1326 e
925 1274 1008 1341 gente
1030 1272 1118 1326 nobili
1140 1269 1433 1327 Uslaro·Gleichensi:

200 1380 256 1430 qua
274 1379 318 1416 me
336 1344 474 1414 infantem
492 1360 621 1413 orbatum
640 1376 697 1414 esse
715 1360 806 1430 lugeo.

289 1450 386 1504 Fidem
404 1450 535 1503 confiteor
552 1450 759 1520 Euangelicam.

289 1539 333 1594 Ab
352 1539 418 1594 anni
440 1540 506 1594 1866
530 1544 679 1595 auctumno
698 1540 934 1594 Vratislauiae
956 1558 1042 1608 usque
1061 1540 1097 1593 ad
1115 1542 1250 1595 aestatem
1274 1538 1340 1593 anni
1362 1540 1433 1594 1876

200 1629 378 1700 gymnasium
412 1629 485 1698 quod
513 1632 555 1683 est
583 1630 618 1684 ad
646 1630 741 1684 aedem
770 1629 787 1683 S
815 1629 970 1683 Elisabet
998 1629 1184 1697 frequentaui:
1217 1628 1294 1682 cuius
1321 1628 1434 1683 scholae

200 1719 363 1774 memoriam
381 1718 426 1788 pie
445 1719 532 1773 colere
550 1737 606 1773 non
625 1719 726 1773 desino.
764 1736 813 1787 per
836 1719 902 1772 duos
926 1736 1011 1772 annos
1029 1718 1169 1787 gymnasii
1187 1717 1433 1787 Gottingensis

201 1809 243 1863 fui
262 1808 425 1878 discipulus:
449 1808 522 1862 unde
546 1807 719 1862 maturitatis
743 1808 903 1862 testimonio
926 1807 1077 1862 instructus
1102 1824 1146 1860 me
1165 1807 1297 1862 transtuli
1316 1806 1352 1861 ad
1371 1807 1433 1861 uni·

200 1898 361 1952 uersitatem
397 1896 579 1966 Georgiam
611 1898 800 1965 Augustam
831 1897 1000 1965 philologiae
1033 1913 1143 1964 operam
1177 1898 1338 1950 nauaturus.
1386 1898 1435 1952 sed

202 2004 251 2056 per
269 1988 403 2055 quattuor
421 2002 505 2039 annos
524 1984 689 2054 grauissimo
708 1986 802 2039 morbo
820 2002 907 2054 paene
927 1986 961 2039 ab
980 1984 1054 2039 omni
1074 1985 1164 2038 studio
1182 1984 1338 2054 prohibitus
1356 2003 1432 2040 sum:
1479 2000 1484 2007 ·

199 2076 275 2130 intra
298 2094 365 2143 quos
390 2093 475 2129 annos
499 2075 567 2130 ciuis
591 2074 762 2130 academicus
784 2075 827 2130 fui
848 2075 1103 2130 Rostochicnsis
1132 2079 1237 2130 aestate
1260 2074 1328 2130 anni
1353 2076 1431 2139 1879,

200 2166 387 2221 Viadrinus
405 2165 496 2220 hieme
517 2164 635 2233 1880s81‚
660 2165 816 2221 academiae
834 2165 977 2220 technicae
995 2165 1193 2220 Dresdensis
1213 2165 1323 2219 auditor
1340 2165 1432 2221 hicme

202 2255 322 2321 1881182.
360 2256 534 2310 semestribus
553 2255 675 2310 hibernis
695 2254 815 2324 1878179,
842 2255 958 2324 1879180,
983 2258 1045 2309 tum
1062 2254 1264 2310 intermissione
1282 2272 1338 2308 non
1355 2254 1434 2309 facta

201 2345 265 2399 inde
284 2346 318 2399 ab
334 2347 483 2399 auctumno
500 2346 568 2399 1882
588 2361 674 2412 usque
693 2344 729 2399 ad
747 2362 869 2399 mensem
883 2343 1004 2413 Augusti
1017 2345 1085 2399 1886
1099 2345 1141 2398 fui
1155 2344 1185 2397 in
1199 2361 1313 2398 numero
1328 2344 1432 2398 studio·

200 2452 292 2489 sorum
309 2434 410 2488 huius
429 2434 527 2488 Almae
545 2434 651 2488 Matris.
689 2434 841 2488 docuerunt
863 2450 908 2487 me
930 2434 1114 2487 Bechstein
1142 2434 1310 2497 Foerster‚
1340 2433 1433 2487 Dore

200 2526 301 2579 Hertz
323 2525 446 2579 Kaibel
469 2524 721 2578 Reifferscheid
744 2524 923 2589 Rossbach,
951 2524 1103 2588 Hettner,
1131 2524 1303 2577 Baumann
1326 2523 1432 2577 Bruns

200 2614 343 2682 Dilthey
356 2614 562 2668 Milchhdfer
579 2614 711 2682 Sauppe
730 2613 868 2667 Schultz
881 2613 1113 2681 Volquardseu
1131 2613 1177 2666 De
1192 2612 1433 2669 Wilamowitz.

200 2703 455 2767 Moellendorff,
475 2703 530 2755 uiri
548 2701 693 2757 clarissimi
711 2704 740 2756 et
759 2701 917 2756 doctissimi.

290 2791 474 2847 Seminarii
493 2791 575 2861 Regii
594 2790 785 2860 Gottingensis
804 2791 1007 2860 philologorum
1030 2790 1130 2845 sodalis
1151 2791 1193 2844 fui
1211 2791 1365 2846 ordinarius
1382 2809 1433 2861 per

201 2882 254 2936 duo
281 2881 435 2947 semestris,
464 2880 776 2936 exercitationibus
799 2882 831 2934 ut
853 2880 1013 2935 interessem
1036 2880 1250 2949 archaeologicis
1273 2881 1431 2936 Foerster

201 2972 229 3025 et
256 2970 496 3036 Milchhoefer‚
533 2969 683 3039 philologis
715 2970 835 3035 Bruns‚
872 2969 993 3024 metricis
1020 2969 1255 3033 Wilamowitz,
1292 2969 1432 3026 historicis

200 3060 432 3128 Volquardseu
468 3059 589 3128 benigne
620 3058 811 3127 permiserunt.
862 3059 988 3113 omnibus
1020 3058 1162 3128 magistris
1193 3059 1261 3113 meis
1293 3062 1432 3128 quantum

201 3149 315 3204 debeam
343 3166 449 3219 sempor
476 3151 557 3218 grato
590 3148 690 3217 pioque
723 3148 815 3202 animo
852 3149 1018 3203 recordabor.
1069 3148 1218 3217 praecipua
1253 3165 1318 3203 uero
1349 3150 1431 3205 bone·

201 3238 325 3293 uolentia
343 3239 481 3293 Iuonom
499 3239 607 3291 Bruns
625 3241 658 3292 et
676 3237 874 3293 Udalricum
892 3238 930 3292 de
944 3237 1434 3293 Wilamowitz·Moellendorff

200 3327 299 3382 studiis
322 3327 391 3383 meis
418 3345 475 3383 esse
502 3327 653 3397 opitulatos
677 3327 809 3383 hocloco
836 3345 922 3396 quam
949 3325 1131 3382 libentissime
1155 3328 1283 3397 profiteor
1304 3327 1432 3397 mihique

201 3418 333 3486 gratulor.

293 3506 427 3562 Examine
445 3507 567 3577 rigoroso
586 3507 712 3562 absoluto
730 3524 775 3562 me
793 3506 917 3562 conuerti
940 3507 975 3562 ad
993 3525 1051 3562 rem
1068 3506 1308 3563 bibliothecariam
1326 3508 1431 3565 discen·

202 3596 279 3651 dam:
308 3596 385 3651 cuius
417 3597 457 3652 rei
489 3596 654 3652 facultatem
685 3597 805 3666 benigne
840 3597 911 3650 mihi
944 3597 1021 3652 dedit
1052 3597 1230 3663 Dziatzk0‚
1264 3597 1431 3655 Academiae

202 3686 394 3755 Gottingensis
412 3687 597 3742 bibliothecae
616 3704 737 3741 summus
755 3688 935 3757 praepositus.

489 4529 559 4581 'typis
572 4531 690 4572 societatis
704 4530 905 4581 typographorum
919 4530 1142 4571 vratislaulenslum.
