3128 4942
761 173 804 237 20

165 375 201 433 ut
225 367 438 433 Sotadeorum
462 373 494 432 et
517 367 771 432 Galliamborum
795 373 827 432 et
851 367 1051 449 quorundam
1074 366 1107 430 in
1128 367 1273 432 oratione
1293 365 1392 430 simili

165 495 271 559 paene
294 475 425 540 licentia
448 474 748 540 lasciuientium-
768 474 871 539 fusius
896 474 937 538 de
961 495 1001 540 ea
1023 495 1058 539 re
1082 474 1227 559 disputat
1246 472 1392 539 eiusdem

167 581 284 665 capitis
309 586 350 663 ἐξ
377 584 439 647 142
464 602 502 664 sq
525 582 586 645 ita:
611 581 644 645 in
668 580 852 646 uniuersum
877 587 993 664 autem,
1019 581 1046 645 si
1063 581 1104 646 sit
1119 600 1263 664 necesse,
1279 580 1393 643 duram

165 688 273 772 potius
300 694 397 771 atque
429 707 579 771 asperam
603 687 868 771 compositionem
891 686 1001 750 malim
1024 707 1097 752 esse
1122 708 1217 768 quam
1242 685 1392 751 effemi-

166 803 294 860 natam
311 803 348 861 et
363 814 551 878 eneruem,
567 795 672 877 qualis
688 794 776 878 apud
790 794 907 859 multos
923 801 955 858 et
969 793 1087 858 cotidie
1101 795 1207 876 magis
1223 793 1392 859 lasciuis

167 909 419 987 syntonorum
439 899 562 966 modis
587 901 695 966 saltat.
732 921 771 965 ao
789 922 830 966 ne
853 907 919 964 tam
933 902 1018 964 bona
1034 899 1163 982 quidem
1178 899 1245 963 ulla
1261 899 1333 983 erit,
1357 906 1393 962 ut

167 1008 285 1074 debeat
309 1027 381 1072 esse
415 1007 566 1072 continua
595 1007 683 1072 etin
707 1008 839 1072 eosdem
868 1027 994 1091 semper
1021 1006 1124 1090 pedes
1152 1007 1207 1072 ire.
1258 1027 1332 1070 nam
1361 1016 1393 1070 et

166 1113 374 1180 uersificandi
398 1134 501 1197 genus
526 1121 575 1180 est
598 1135 695 1178 unam
718 1114 824 1197 legem
854 1114 1000 1178 omnibus
1031 1114 1230 1179 sermonibus
1255 1113 1333 1176 dare
1362 1119 1393 1176 et

166 1220 201 1285 id
229 1241 300 1284 cum
332 1219 525 1285 manifestae
554 1219 782 1285 adfectationis
812 1226 883 1285 est.
902 1277 905 1283 .
923 1270 951 1284 ..
981 1226 1048 1283 tum
1067 1268 1073 1281 .
1091 1272 1098 1286 .
1114 1270 1143 1283 ..
1181 1220 1323 1283 taedium
1353 1239 1392 1283 ex

170 1326 379 1393 similitudine
402 1347 441 1391 ae
466 1327 650 1392 satietatem
674 1333 763 1391 creat
786 1347 914 1410 quoque
938 1332 988 1392 est
1007 1326 1142 1410 dulcius,
1165 1327 1271 1409 magis
1285 1325 1393 1410 perdit

168 1433 352 1516 amittitque
390 1439 422 1498 et
458 1433 555 1498 fidem
593 1440 624 1499 et
661 1434 809 1500 adfectus
847 1440 1016 1517 motusque
1055 1433 1157 1498 omnis
1195 1434 1250 1517 qui
1284 1439 1333 1498 est
1360 1433 1393 1495 in

169 1540 232 1605 hac
248 1561 326 1606 eura
349 1539 586 1628 deprensus.¹³)
602 1541 694 1604 -hi
717 1541 780 1605 loci
803 1561 867 1605 non
891 1541 986 1606 aliter
1009 1541 1186 1625 comparati
1201 1547 1275 1605 sunt
1298 1561 1393 1622 quarn

169 1647 197 1713 is
223 1668 285 1730 quo
314 1647 422 1731 agitur
454 1647 495 1714 de
522 1648 634 1731 figuris
662 1650 839 1712 uerborum.
890 1649 1059 1731 impugnat
1085 1647 1207 1711 Fabius
1236 1647 1394 1729 quosdam

167 1756 326 1840 rhetores,
351 1762 383 1818 et
406 1753 441 1817 id
469 1753 598 1837 quidem
627 1760 702 1819 tune
730 1754 884 1837 temporis
917 1753 1005 1837 apud
1032 1754 1204 1836 plerosque
1232 1760 1393 1837 acceptos.

167 1881 300 1946 quorum
315 1882 386 1925 cum
401 1861 562 1945 uituperet
574 1859 810 1924 immodestiam
821 1866 853 1923 et
867 1859 1126 1944 adfectationem,
1141 1859 1172 1925 in
1189 1868 1393 1944 corruptos

165 1967 335 2033 inuehitur.

257 2091 406 2156 Omnium
420 2091 547 2174 quaein
557 2091 684 2156 illorum
699 2091 880 2155 elocutione
890 2089 1157 2174 reprehendenda
1168 2089 1230 2155 sibi
1244 2089 1395 2155 uidentur

170 2218 337 2263 censuram
361 2198 440 2263 facit
464 2218 528 2281 qua
545 2198 674 2281 singula
698 2218 770 2262 eum
787 2198 923 2281 singulis
939 2218 1022 2281 quae
1037 2198 1180 2280 alioquin
1196 2197 1259 2262 sint
1274 2198 1394 2262 monita

169 2312 341 2390 componat
364 2307 428 2369 XII
454 2309 503 2390 10,
534 2309 589 2371 73:
614 2305 669 2371 ubi
693 2306 793 2371 uerba
813 2305 895 2371 haec
917 2312 1008 2371 sunt:
1033 2306 1230 2371 falluntur..
1246 2357 1275 2370 ..
1298 2304 1395 2389 pluri-

170 2433 255 2477 mum
279 2412 334 2495 qui
357 2413 510 2478 uitiosum
534 2419 565 2477 et
589 2419 771 2497 corruptum
796 2412 925 2476 dicendi
949 2433 1051 2494 genus
1075 2411 1161 2495 quod
1185 2419 1241 2476 aut
1264 2413 1396 2476 uerbum

177 2520 307 2585 lieentia
332 2520 473 2584 exsultat
494 2525 551 2583 aut
563 2518 741 2602 puerilibus
765 2518 968 2583 sententiolis
986 2518 1116 2583 lasciuit
1138 2516 1187 2604 (cf
1205 2520 1282 2583 VIII
1296 2521 1325 2602 5,
1348 2522 1396 2601 14,

173 2623 316 2711 19-25)
341 2632 398 2690 aut
420 2624 590 2689 immodico
614 2632 738 2689 tumore
761 2626 918 2707 turgescit
941 2624 991 2710 (cf
1009 2625 1085 2688 Vlll
1109 2628 1137 2710 6,
1164 2629 1214 2691 76.
1249 2626 1280 2687 lI
1304 2629 1332 2709 3,
1360 2628 1420 2707 9)·

168 2739 225 2798 aut
257 2731 407 2796 inanibus
439 2731 520 2796 locis
552 2731 729 2795 bacchatur
762 2729 811 2816 (of
839 2732 916 2797 VIII
949 2735 982 2816 3,
1011 2729 1068 2817 56)
1102 2738 1158 2795 aut
1191 2731 1328 2815 casuris,
1367 2732 1394 2796 si

168 2838 284 2904 leuiter
308 2838 525 2923 excutiantur,
557 2837 701 2903 flosculis
724 2838 805 2903 nitet
833 2836 923 2924 (VIII
947 2841 976 2923 3,
1000 2843 1029 2923 6,
1056 2842 1105 2924 11,
1131 2837 1186 2925 76)
1215 2847 1271 2903 aut
1303 2860 1395 2923 prae-

168 2946 281 3030 cipitia
308 2966 365 3031 pro
395 2946 584 3012 sublimibus
615 2945 713 3011 habet
737 2943 828 3030 (VIII
858 2950 887 3030 6,
914 2949 970 3026 76)
1003 2953 1059 3010 aut
1093 2945 1202 3029 speeie
1235 2945 1394 3010 libertatis

168 3053 296 3137 insanit,
319 3054 425 3135 magis
449 3052 635 3118 existimant
657 3053 815 3137 populare
839 3058 937 3135 atque
961 3052 1144 3135 plausibile.

674 3250 887 3257 ——-

257 3375 295 3438 In
319 3379 526 3457 conspectum
549 3371 666 3436 uocaui
690 3391 800 3436 omnes
815 3370 1030 3437 Institutionis
1054 3371 1142 3437 locos
1166 3373 1281 3455 quibus
1296 3372 1394 3449 Quin·

169 3480 303 3545 tilianns
337 3485 558 3564 corruptorum
588 3478 622 3542 in
654 3477 834 3562 eloquendo
872 3478 954 3542 uitia
986 3479 1097 3564 carpit.
1152 3487 1250 3562 atque
1283 3502 1321 3544 ex
1355 3501 1392 3544 eo

170 3586 299 3670 quidem
323 3585 409 3670 quod
433 3587 491 3650 illa
514 3584 723 3670 reprehendit
746 3584 851 3649 elucet
874 3587 1019 3670 potuisse
1043 3586 1163 3652 similes
1187 3608 1296 3651 earum
1311 3607 1392 3668 quas

170 3694 356 3760 enumeraui
378 3692 652 3778 uituperationum
675 3692 708 3755 in
736 3691 817 3757 libro
846 3691 887 3759 de
916 3693 1024 3759 causis
1057 3693 1237 3776 conscripto
1270 3692 1391 3756 inesse:

168 3800 304 3867 infuisse
327 3819 391 3864 non
414 3800 499 3865 item.
532 3806 566 3863 at
588 3798 759 3864 redeamus
790 3798 834 3862 ad
854 3799 972 3883 locum,
995 3799 1080 3863 unde
1111 3818 1219 3864 sumus
1248 3799 1392 3883 profecti,

169 3905 261 3992 (VIII
284 3910 314 3992 3,
338 3905 393 3994 58)
427 3914 460 3971 61
486 3906 697 3990 inspiciamus
721 3906 822 3970 uerba
844 3907 942 3970 haec:
972 3904 1105 3969 totidem
1130 3905 1301 3987 generibus
1325 3926 1390 3970 ccr-

243 4083 280 4152 18)
299 4085 368 4140 Cum
385 4085 437 4139 hcc
454 4084 514 4139 loco
532 4084 601 4137 mire
615 4083 772 4152 conspirant
791 4084 927 4138 Tacitei
946 4081 1086 4152 Dialogi
1104 4083 1189 4136 uerba
1207 4083 1275 4138 haec
1293 4084 1319 4152 (c
1334 4088 1390 4150 adl:

170 4175 269 4229 melius
287 4179 329 4230 est
348 4178 484 4229 oratorem
503 4175 548 4228 uel
566 4174 642 4228 hirta
659 4178 727 4244 toga
744 4173 857 4229 induere
871 4191 955 4242 quam
973 4173 1074 4226 fucatis
1092 4176 1120 4226 61
1133 4175 1295 4229 meretriciis
1311 4175 1391 4229 uesti-

168 4265 219 4318 bus
238 4262 379 4333 insignire.
421 4263 603 4331 nequeenim
629 4263 764 4317 oratorius
787 4263 848 4328 iste,
872 4262 956 4316 immo
979 4261 1089 4315 hercule
1111 4280 1146 4317 ne
1168 4263 1258 4316 uirilis
1281 4263 1390 4330 quidem

168 4352 259 4407 cultus
279 4356 327 4416 est,
347 4369 401 4420 quo
419 4352 543 4421 plerique
561 4355 716 4420 temporum
730 4356 884 4407 nostrorum
897 4353 1017 4405 oratores
1031 4350 1073 4405 ita
1087 4354 1212 4418 utuntur,
1231 4354 1263 4405 ut
1277 4350 1392 4404 lasciuia

168 4442 314 4496 uerborum
337 4444 365 4495 et
387 4442 504 4496 leuitate
531 4441 732 4495 sententiamm
755 4442 794 4508 (cf
809 4442 868 4493 lnst
892 4440 959 4494 VIII
978 4444 1002 4506 5,
1022 4440 1049 4507 2)
1072 4444 1101 4495 61
1125 4441 1238 4495 licentia
1261 4441 1389 4509 composi·

166 4530 251 4585 tionis
268 4531 444 4585 histrioneles
462 4531 555 4585 modos
575 4529 739 4599 exprimant.
