<?xml version="1.0" encoding="UTF-8"?>
<!DOCTYPE html PUBLIC "-//W3C//DTD XHTML 1.0 Transitional//EN"
    "http://www.w3.org/TR/xhtml1/DTD/xhtml1-transitional.dtd">
<html xmlns="http://www.w3.org/1999/xhtml" xml:lang="en" lang="en">
 <head>
  <title>
</title>
<meta http-equiv="Content-Type" content="text/html;charset=utf-8" />
  <meta name='ocr-system' content='tesseract 3.04.00' />
  <meta name='ocr-capabilities' content='ocr_page ocr_carea ocr_par ocr_line ocrx_word'/>
</head>
<body>
  <div class='ocr_page' id='page_1' title='image "./dequintilianili00reutgoog_0060.png"; bbox 0 0 3128 4942; ppageno 0'>
   <div class='ocr_carea' id='block_1_1' title="bbox 761 259 805 327">
    <p class='ocr_par' dir='ltr' id='par_1_1' title="bbox 761 259 805 327">
     <span class='ocr_line' id='line_1_1' title="bbox 761 259 805 327; baseline 0.023 -1"><span class='ocrx_word' id='word_1_1' title='bbox 761 259 805 327; x_wconf 81' lang='lat'><strong>49</strong></span> 
     </span>
    </p>
   </div>
   <div class='ocr_carea' id='block_1_2' title="bbox 166 452 1401 1940">
    <p class='ocr_par' dir='ltr' id='par_1_2' title="bbox 166 452 1401 1940">
     <span class='ocr_line' id='line_1_2' title="bbox 166 452 1397 542; baseline 0 -20"><span class='ocrx_word' id='word_1_2' title='bbox 166 453 380 542; x_wconf 87' lang='lat' dir='ltr'><strong>Xiphilineae</strong></span> <span class='ocrx_word' id='word_1_3' title='bbox 414 457 465 541; x_wconf 76' lang='lat'><strong>76,</strong></span> <span class='ocrx_word' id='word_1_4' title='bbox 498 457 539 522; x_wconf 81' lang='lat'><strong>12</strong></span> <span class='ocrx_word' id='word_1_5' title='bbox 567 475 605 539; x_wconf 93' lang='lat' dir='ltr'><strong>sq</strong></span> <span class='ocrx_word' id='word_1_6' title='bbox 642 476 714 523; x_wconf 93' lang='lat' dir='ltr'><strong>cum</strong></span> <span class='ocrx_word' id='word_1_7' title='bbox 749 455 1072 541; x_wconf 83' lang='lat' dir='ltr'><strong>Friedlaendero,</strong></span> <span class='ocrx_word' id='word_1_8' title='bbox 1110 454 1141 521; x_wconf 90' lang='lat' dir='ltr'><strong>H</strong></span> <span class='ocrx_word' id='word_1_9' title='bbox 1171 454 1205 520; x_wconf 85' lang='lat' dir='ltr'><strong>ii</strong></span> <span class='ocrx_word' id='word_1_10' title='bbox 1235 455 1264 521; x_wconf 88' lang='lat' dir='ltr'>R</span> <span class='ocrx_word' id='word_1_11' title='bbox 1291 452 1340 520; x_wconf 91' lang='lat' dir='ltr'><strong>III</strong></span> <span class='ocrx_word' id='word_1_12' title='bbox 1370 457 1397 540; x_wconf 92' lang='lat'><strong>1,</strong></span> 
     </span>
     <span class='ocr_line' id='line_1_3' title="bbox 167 561 1399 648; baseline -0.004 -16"><span class='ocrx_word' id='word_1_13' title='bbox 167 565 326 632; x_wconf 74' lang='lat' dir='ltr'><strong>oea-54</strong></span> <span class='ocrx_word' id='word_1_14' title='bbox 341 566 423 647; x_wconf 86' lang='lat' dir='ltr'><strong>sqq).</strong></span> <span class='ocrx_word' id='word_1_15' title='bbox 460 562 574 628; x_wconf 92' lang='lat' dir='ltr'><strong>mirum</strong></span> <span class='ocrx_word' id='word_1_16' title='bbox 598 582 677 629; x_wconf 89' lang='lat' dir='ltr'><strong>sane</strong></span> <span class='ocrx_word' id='word_1_17' title='bbox 702 569 798 648; x_wconf 73' lang='lat' dir='ltr'><strong>esset</strong></span> <span class='ocrx_word' id='word_1_18' title='bbox 833 563 862 631; x_wconf 94' lang='lat' dir='ltr'><strong>si</strong></span> <span class='ocrx_word' id='word_1_19' title='bbox 890 583 947 630; x_wconf 92' lang='lat' dir='ltr'><strong>eos</strong></span> <span class='ocrx_word' id='word_1_20' title='bbox 970 562 1087 647; x_wconf 90' lang='lat' dir='ltr'><strong>quibus</strong></span> <span class='ocrx_word' id='word_1_21' title='bbox 1111 581 1132 628; x_wconf 89' lang='lat' dir='ltr'><strong>a</strong></span> <span class='ocrx_word' id='word_1_22' title='bbox 1154 570 1249 647; x_wconf 89' lang='lat' dir='ltr'><strong>patre</strong></span> <span class='ocrx_word' id='word_1_23' title='bbox 1271 561 1342 628; x_wconf 91' lang='lat' dir='ltr'><strong>miti</strong></span> <span class='ocrx_word' id='word_1_24' title='bbox 1365 567 1399 628; x_wconf 91' lang='lat' dir='ltr'><strong>et</strong></span> 
     </span>
     <span class='ocr_line' id='line_1_4' title="bbox 168 668 1398 755; baseline -0.002 -18"><span class='ocrx_word' id='word_1_25' title='bbox 168 671 311 737; x_wconf 88' lang='lat' dir='ltr'><strong>humano</strong></span> <span class='ocrx_word' id='word_1_26' title='bbox 338 690 471 755; x_wconf 90' lang='lat' dir='ltr'><strong>parsum</strong></span> <span class='ocrx_word' id='word_1_27' title='bbox 497 689 562 734; x_wconf 92' lang='lat' dir='ltr'><strong>non</strong></span> <span class='ocrx_word' id='word_1_28' title='bbox 591 676 662 736; x_wconf 87' lang='lat' dir='ltr'><strong>erat</strong></span> <span class='ocrx_word' id='word_1_29' title='bbox 694 669 781 737; x_wconf 89' lang='lat' dir='ltr'><strong>filius</strong></span> <span class='ocrx_word' id='word_1_30' title='bbox 807 670 1001 755; x_wconf 90' lang='lat' dir='ltr'><strong>imperiosus</strong></span> <span class='ocrx_word' id='word_1_31' title='bbox 1030 689 1094 735; x_wconf 92' lang='lat' dir='ltr'><strong>non</strong></span> <span class='ocrx_word' id='word_1_32' title='bbox 1121 668 1218 735; x_wconf 93' lang='lat' dir='ltr'><strong>modo</strong></span> <span class='ocrx_word' id='word_1_33' title='bbox 1246 674 1398 752; x_wconf 87' lang='lat' dir='ltr'><strong>amasset,</strong></span> 
     </span>
     <span class='ocr_line' id='line_1_5' title="bbox 170 775 1399 863; baseline -0.002 -19"><span class='ocrx_word' id='word_1_34' title='bbox 170 777 232 845; x_wconf 90' lang='lat' dir='ltr'><strong>sed</strong></span> <span class='ocrx_word' id='word_1_35' title='bbox 255 777 383 843; x_wconf 93' lang='lat' dir='ltr'><strong>omnino</strong></span> <span class='ocrx_word' id='word_1_36' title='bbox 406 777 587 844; x_wconf 87' lang='lat' dir='ltr'><strong>tolerasset</strong></span> <span class='ocrx_word' id='word_1_37' title='bbox 633 777 745 862; x_wconf 91' lang='lat' dir='ltr'><strong>itaque</strong></span> <span class='ocrx_word' id='word_1_38' title='bbox 771 796 836 844; x_wconf 95' lang='lat' dir='ltr'><strong>non</strong></span> <span class='ocrx_word' id='word_1_39' title='bbox 863 777 1075 863; x_wconf 79' lang='lat' dir='ltr'><strong>improbabile</strong></span> <span class='ocrx_word' id='word_1_40' title='bbox 1106 783 1156 845; x_wconf 91' lang='lat' dir='ltr'><strong>cst</strong></span> <span class='ocrx_word' id='word_1_41' title='bbox 1178 775 1399 842; x_wconf 87' lang='lat' dir='ltr'><strong>Domitianum</strong></span> 
     </span>
     <span class='ocr_line' id='line_1_6' title="bbox 169 883 1399 970; baseline -0.002 -19"><span class='ocrx_word' id='word_1_42' title='bbox 169 893 251 952; x_wconf 92' lang='lat' dir='ltr'><strong>nutu</strong></span> <span class='ocrx_word' id='word_1_43' title='bbox 274 883 415 969; x_wconf 90' lang='lat' dir='ltr'><strong>quodum</strong></span> <span class='ocrx_word' id='word_1_44' title='bbox 437 884 606 969; x_wconf 81' lang='lat' dir='ltr'>impulisse</span> <span class='ocrx_word' id='word_1_45' title='bbox 629 891 798 970; x_wconf 88' lang='lat' dir='ltr'><strong>oratorem,</strong></span> <span class='ocrx_word' id='word_1_46' title='bbox 821 892 857 951; x_wconf 91' lang='lat' dir='ltr'><strong>ut</strong></span> <span class='ocrx_word' id='word_1_47' title='bbox 878 884 913 950; x_wconf 92' lang='lat' dir='ltr'><strong>in</strong></span> <span class='ocrx_word' id='word_1_48' title='bbox 936 904 1034 970; x_wconf 94' lang='lat' dir='ltr'><strong>opere</strong></span> <span class='ocrx_word' id='word_1_49' title='bbox 1057 904 1125 970; x_wconf 94' lang='lat' dir='ltr'><strong>suo,</strong></span> <span class='ocrx_word' id='word_1_50' title='bbox 1148 883 1236 969; x_wconf 92' lang='lat' dir='ltr'><strong>quod</strong></span> <span class='ocrx_word' id='word_1_51' title='bbox 1259 883 1399 969; x_wconf 90' lang='lat' dir='ltr'><strong>apluri-</strong></span> 
     </span>
     <span class='ocr_line' id='line_1_7' title="bbox 170 990 1399 1078; baseline -0.002 -19"><span class='ocrx_word' id='word_1_52' title='bbox 170 992 233 1059; x_wconf 87' lang='lat' dir='ltr'><strong>mis</strong></span> <span class='ocrx_word' id='word_1_53' title='bbox 257 991 376 1058; x_wconf 89' lang='lat' dir='ltr'><strong>lectum</strong></span> <span class='ocrx_word' id='word_1_54' title='bbox 399 992 439 1058; x_wconf 92' lang='lat' dir='ltr'><strong>iri</strong></span> <span class='ocrx_word' id='word_1_55' title='bbox 463 991 524 1058; x_wconf 80' lang='lat' dir='ltr'><strong>fuit</strong></span> <span class='ocrx_word' id='word_1_56' title='bbox 552 990 815 1078; x_wconf 85' lang='lat' dir='ltr'><strong>exspectandum,</strong></span> <span class='ocrx_word' id='word_1_57' title='bbox 846 991 976 1058; x_wconf 89' lang='lat' dir='ltr'><strong>laudem</strong></span> <span class='ocrx_word' id='word_1_58' title='bbox 1004 998 1038 1058; x_wconf 92' lang='lat' dir='ltr'><strong>et</strong></span> <span class='ocrx_word' id='word_1_59' title='bbox 1065 992 1268 1059; x_wconf 78' lang='lat' dir='ltr'><strong>honestatem</strong></span> <span class='ocrx_word' id='word_1_60' title='bbox 1295 990 1399 1077; x_wconf 91' lang='lat' dir='ltr'><strong>philo-</strong></span> 
     </span>
     <span class='ocr_line' id='line_1_8' title="bbox 172 1096 1400 1185; baseline -0.002 -18"><span class='ocrx_word' id='word_1_61' title='bbox 172 1098 347 1185; x_wconf 88' lang='lat' dir='ltr'><strong>sophorum</strong></span> <span class='ocrx_word' id='word_1_62' title='bbox 370 1099 580 1168; x_wconf 86' lang='lat' dir='ltr'><strong>deminueret.</strong></span> <span class='ocrx_word' id='word_1_63' title='bbox 619 1099 706 1183; x_wconf 93' lang='lat' dir='ltr'><strong>quod</strong></span> <span class='ocrx_word' id='word_1_64' title='bbox 729 1099 759 1166; x_wconf 94' lang='lat' dir='ltr'><strong>si</strong></span> <span class='ocrx_word' id='word_1_65' title='bbox 775 1099 940 1184; x_wconf 77' lang='lat' dir='ltr'><strong>sumimus,</strong></span> <span class='ocrx_word' id='word_1_66' title='bbox 963 1096 1181 1176; x_wconf 84' lang='lat' dir='ltr'><strong>Quintilianus</strong></span> <span class='ocrx_word' id='word_1_67' title='bbox 1196 1097 1272 1165; x_wconf 94' lang='lat' dir='ltr'><strong>dum</strong></span> <span class='ocrx_word' id='word_1_68' title='bbox 1287 1097 1400 1164; x_wconf 81' lang='lat' dir='ltr'><strong>scribit</strong></span> 
     </span>
     <span class='ocr_line' id='line_1_9' title="bbox 172 1204 1399 1293; baseline -0.002 -19"><span class='ocrx_word' id='word_1_69' title='bbox 172 1206 425 1292; x_wconf 73' lang='lat' dir='ltr'><strong>Institutionum,</strong></span> <span class='ocrx_word' id='word_1_70' title='bbox 452 1205 717 1293; x_wconf 91' lang='lat' dir='ltr'><strong>philosophorum</strong></span> <span class='ocrx_word' id='word_1_71' title='bbox 745 1206 879 1272; x_wconf 90' lang='lat' dir='ltr'><strong>crimina</strong></span> <span class='ocrx_word' id='word_1_72' title='bbox 902 1206 933 1272; x_wconf 92' lang='lat' dir='ltr'><strong>ei</strong></span> <span class='ocrx_word' id='word_1_73' title='bbox 955 1206 1100 1291; x_wconf 89' lang='lat' dir='ltr'><strong>inseruit,</strong></span> <span class='ocrx_word' id='word_1_74' title='bbox 1124 1206 1184 1274; x_wconf 92' lang='lat' dir='ltr'><strong>sed</strong></span> <span class='ocrx_word' id='word_1_75' title='bbox 1206 1226 1271 1272; x_wconf 91' lang='lat' dir='ltr'><strong>non</strong></span> <span class='ocrx_word' id='word_1_76' title='bbox 1292 1204 1399 1292; x_wconf 91' lang='lat' dir='ltr'><strong>potuit</strong></span> 
     </span>
     <span class='ocr_line' id='line_1_10' title="bbox 173 1312 1399 1401; baseline -0.002 -20"><span class='ocrx_word' id='word_1_77' title='bbox 173 1313 282 1381; x_wconf 82' lang='lat' dir='ltr'><strong>facere</strong></span> <span class='ocrx_word' id='word_1_78' title='bbox 313 1315 390 1398; x_wconf 91' lang='lat' dir='ltr'><strong>quin</strong></span> <span class='ocrx_word' id='word_1_79' title='bbox 423 1313 572 1401; x_wconf 86' lang='lat' dir='ltr'><strong>exempla</strong></span> <span class='ocrx_word' id='word_1_80' title='bbox 605 1335 646 1382; x_wconf 83' lang='lat' dir='ltr'><strong>en</strong></span> <span class='ocrx_word' id='word_1_81' title='bbox 672 1314 801 1380; x_wconf 93' lang='lat' dir='ltr'><strong>illorum</strong></span> <span class='ocrx_word' id='word_1_82' title='bbox 827 1313 919 1382; x_wconf 92' lang='lat' dir='ltr'><strong>libris</strong></span> <span class='ocrx_word' id='word_1_83' title='bbox 947 1313 1151 1400; x_wconf 77' lang='lat' dir='ltr'><strong>depromeret</strong></span> <span class='ocrx_word' id='word_1_84' title='bbox 1177 1313 1288 1400; x_wconf 88' lang='lat' dir='ltr'><strong>multa,</strong></span> <span class='ocrx_word' id='word_1_85' title='bbox 1322 1312 1399 1397; x_wconf 91' lang='lat' dir='ltr'><strong>quin</strong></span> 
     </span>
     <span class='ocr_line' id='line_1_11' title="bbox 174 1419 1400 1509; baseline -0.002 -21"><span class='ocrx_word' id='word_1_86' title='bbox 174 1421 354 1507; x_wconf 88' lang='lat' dir='ltr'><strong>Socratem,</strong></span> <span class='ocrx_word' id='word_1_87' title='bbox 377 1421 555 1509; x_wconf 89' lang='lat' dir='ltr'><strong>Platonem,</strong></span> <span class='ocrx_word' id='word_1_88' title='bbox 582 1421 791 1489; x_wconf 87' lang='lat' dir='ltr'><strong>Aristotelem</strong></span> <span class='ocrx_word' id='word_1_89' title='bbox 814 1420 977 1507; x_wconf 88' lang='lat' dir='ltr'><strong>laudaret,</strong></span> <span class='ocrx_word' id='word_1_90' title='bbox 1007 1422 1083 1506; x_wconf 91' lang='lat' dir='ltr'><strong>quin</strong></span> <span class='ocrx_word' id='word_1_91' title='bbox 1106 1421 1262 1488; x_wconf 87' lang='lat' dir='ltr'><strong>nonnulla</strong></span> <span class='ocrx_word' id='word_1_92' title='bbox 1283 1421 1318 1486; x_wconf 92' lang='lat' dir='ltr'><strong>in</strong></span> <span class='ocrx_word' id='word_1_93' title='bbox 1340 1419 1400 1486; x_wconf 87' lang='lat' dir='ltr'><strong>illa</strong></span> 
     </span>
     <span class='ocr_line' id='line_1_12' title="bbox 173 1528 1400 1615; baseline 0 -21"><span class='ocrx_word' id='word_1_94' title='bbox 173 1528 322 1595; x_wconf 87' lang='lat' dir='ltr'><strong>doctrina</strong></span> <span class='ocrx_word' id='word_1_95' title='bbox 353 1530 515 1615; x_wconf 89' lang='lat' dir='ltr'><strong>probaret.</strong></span> <span class='ocrx_word' id='word_1_96' title='bbox 542 1566 575 1576; x_wconf 95' lang='lat'>-</span> <span class='ocrx_word' id='word_1_97' title='bbox 605 1529 664 1596; x_wconf 91' lang='lat' dir='ltr'><strong>sed</strong></span> <span class='ocrx_word' id='word_1_98' title='bbox 692 1529 788 1595; x_wconf 90' lang='lat' dir='ltr'><strong>aliter</strong></span> <span class='ocrx_word' id='word_1_99' title='bbox 815 1549 942 1614; x_wconf 93' lang='lat' dir='ltr'><strong>quoque</strong></span> <span class='ocrx_word' id='word_1_100' title='bbox 969 1548 1022 1596; x_wconf 90' lang='lat' dir='ltr'><strong>res</strong></span> <span class='ocrx_word' id='word_1_101' title='bbox 1050 1529 1134 1595; x_wconf 92' lang='lat' dir='ltr'><strong>inter</strong></span> <span class='ocrx_word' id='word_1_102' title='bbox 1160 1549 1197 1596; x_wconf 90' lang='lat' dir='ltr'><strong>se</strong></span> <span class='ocrx_word' id='word_1_103' title='bbox 1225 1528 1400 1595; x_wconf 87' lang='lat' dir='ltr'><strong>cohaerere</strong></span> 
     </span>
     <span class='ocr_line' id='line_1_13' title="bbox 173 1635 1400 1723; baseline -0.001 -20"><span class='ocrx_word' id='word_1_104' title='bbox 173 1643 318 1723; x_wconf 86' lang='lat' dir='ltr'><strong>possunt.</strong></span> <span class='ocrx_word' id='word_1_105' title='bbox 364 1636 504 1702; x_wconf 83' lang='lat' dir='ltr'><strong>fortasse</strong></span> <span class='ocrx_word' id='word_1_106' title='bbox 534 1657 606 1702; x_wconf 92' lang='lat' dir='ltr'><strong>cum</strong></span> <span class='ocrx_word' id='word_1_107' title='bbox 630 1636 811 1722; x_wconf 91' lang='lat' dir='ltr'><strong>composuit</strong></span> <span class='ocrx_word' id='word_1_108' title='bbox 834 1656 925 1723; x_wconf 92' lang='lat' dir='ltr'><strong>opus,</strong></span> <span class='ocrx_word' id='word_1_109' title='bbox 952 1635 999 1702; x_wconf 91' lang='lat' dir='ltr'><strong>ita</strong></span> <span class='ocrx_word' id='word_1_110' title='bbox 1021 1637 1055 1702; x_wconf 93' lang='lat' dir='ltr'><strong>in</strong></span> <span class='ocrx_word' id='word_1_111' title='bbox 1079 1656 1117 1703; x_wconf 93' lang='lat' dir='ltr'><strong>eo</strong></span> <span class='ocrx_word' id='word_1_112' title='bbox 1142 1636 1210 1720; x_wconf 87' lang='lat' dir='ltr'><strong>egit</strong></span> <span class='ocrx_word' id='word_1_113' title='bbox 1233 1635 1274 1703; x_wconf 93' lang='lat' dir='ltr'><strong>de</strong></span> <span class='ocrx_word' id='word_1_114' title='bbox 1297 1636 1400 1723; x_wconf 91' lang='lat' dir='ltr'><strong>philo·</strong></span> 
     </span>
     <span class='ocr_line' id='line_1_14' title="bbox 176 1742 1401 1831; baseline -0.003 -19"><span class='ocrx_word' id='word_1_115' title='bbox 176 1744 295 1831; x_wconf 91' lang='lat' dir='ltr'><strong>sophis,</strong></span> <span class='ocrx_word' id='word_1_116' title='bbox 327 1752 363 1810; x_wconf 92' lang='grc' dir='ltr'><strong>ιιι</strong></span> <span class='ocrx_word' id='word_1_117' title='bbox 389 1745 487 1811; x_wconf 91' lang='lat' dir='ltr'><strong>moris</strong></span> <span class='ocrx_word' id='word_1_118' title='bbox 515 1750 586 1811; x_wconf 87' lang='lat' dir='ltr'><strong>erat</strong></span> <span class='ocrx_word' id='word_1_119' title='bbox 613 1752 645 1811; x_wconf 89' lang='lat' dir='ltr'><strong>et</strong></span> <span class='ocrx_word' id='word_1_120' title='bbox 668 1751 703 1812; x_wconf 92' lang='lat' dir='ltr'><strong>ut</strong></span> <span class='ocrx_word' id='word_1_121' title='bbox 725 1744 790 1831; x_wconf 92' lang='lat' dir='ltr'><strong>ipsi</strong></span> <span class='ocrx_word' id='word_1_122' title='bbox 812 1744 954 1811; x_wconf 80' lang='lat' dir='ltr'><strong>fortasse</strong></span> <span class='ocrx_word' id='word_1_123' title='bbox 976 1742 1108 1830; x_wconf 90' lang='lat' dir='ltr'><strong>placuit,</strong></span> <span class='ocrx_word' id='word_1_124' title='bbox 1140 1743 1175 1808; x_wconf 92' lang='lat' dir='ltr'><strong>id</strong></span> <span class='ocrx_word' id='word_1_125' title='bbox 1203 1749 1253 1809; x_wconf 89' lang='lat' dir='ltr'><strong>cst</strong></span> <span class='ocrx_word' id='word_1_126' title='bbox 1281 1743 1337 1829; x_wconf 91' lang='lat' dir='ltr'><strong>ita,</strong></span> <span class='ocrx_word' id='word_1_127' title='bbox 1365 1749 1401 1808; x_wconf 93' lang='lat' dir='ltr'><strong>ut</strong></span> 
     </span>
     <span class='ocr_line' id='line_1_15' title="bbox 172 1848 1399 1940; baseline 0 -24"><span class='ocrx_word' id='word_1_128' title='bbox 172 1851 327 1918; x_wconf 91' lang='lat' dir='ltr'><strong>honorem</strong></span> <span class='ocrx_word' id='word_1_129' title='bbox 355 1853 484 1919; x_wconf 92' lang='lat' dir='ltr'><strong>solitum</strong></span> <span class='ocrx_word' id='word_1_130' title='bbox 511 1852 560 1921; x_wconf 93' lang='lat' dir='ltr'><strong>eis</strong></span> <span class='ocrx_word' id='word_1_131' title='bbox 588 1850 801 1940; x_wconf 80' lang='lat' dir='ltr'><strong>tribueret⁸²)</strong></span> <span class='ocrx_word' id='word_1_132' title='bbox 848 1850 965 1918; x_wconf 90' lang='lat' dir='ltr'><strong>deinde</strong></span> <span class='ocrx_word' id='word_1_133' title='bbox 994 1849 1134 1919; x_wconf 90' lang='lat' dir='ltr'><strong>edictum</strong></span> <span class='ocrx_word' id='word_1_134' title='bbox 1157 1848 1287 1936; x_wconf 88' lang='lat' dir='ltr'><strong>prodiit</strong></span> <span class='ocrx_word' id='word_1_135' title='bbox 1333 1850 1399 1917; x_wconf 87' lang='lat' dir='ltr'><strong>iam</strong></span> 
     </span>
    </p>
   </div>
   <div class='ocr_carea' id='block_1_3' title="bbox 173 2137 1407 4535">
    <p class='ocr_par' dir='ltr' id='par_1_3' title="bbox 173 2137 1407 4535">
     <span class='ocr_line' id='line_1_16' title="bbox 266 2137 1400 2210; baseline -0.004 -13"><span class='ocrx_word' id='word_1_136' title='bbox 266 2141 301 2210; x_wconf 63' lang='lat' dir='ltr'><strong>cr)</strong></span> <span class='ocrx_word' id='word_1_137' title='bbox 321 2142 486 2210; x_wconf 80' lang='lat' dir='ltr'><strong>Quanquam</strong></span> <span class='ocrx_word' id='word_1_138' title='bbox 504 2140 617 2196; x_wconf 92' lang='lat' dir='ltr'><strong>omnino</strong></span> <span class='ocrx_word' id='word_1_139' title='bbox 635 2140 661 2196; x_wconf 88' lang='lat' dir='ltr'><strong>ei</strong></span> <span class='ocrx_word' id='word_1_140' title='bbox 679 2140 816 2210; x_wconf 82' lang='lat' dir='ltr'><strong>placuisse</strong></span> <span class='ocrx_word' id='word_1_141' title='bbox 829 2139 1034 2210; x_wconf 85' lang='lat' dir='ltr'><strong>philosophiam</strong></span> <span class='ocrx_word' id='word_1_142' title='bbox 1047 2157 1103 2194; x_wconf 91' lang='lat' dir='ltr'><strong>non</strong></span> <span class='ocrx_word' id='word_1_143' title='bbox 1116 2139 1159 2194; x_wconf 89' lang='lat' dir='ltr'><strong>ita</strong></span> <span class='ocrx_word' id='word_1_144' title='bbox 1172 2138 1231 2193; x_wconf 85' lang='lat' dir='ltr'><strong>ueri</strong></span> <span class='ocrx_word' id='word_1_145' title='bbox 1245 2141 1288 2193; x_wconf 88' lang='lat' dir='ltr'><strong>est</strong></span> <span class='ocrx_word' id='word_1_146' title='bbox 1300 2137 1400 2194; x_wconf 89' lang='lat' dir='ltr'><strong>simile.</strong></span> 
     </span>
     <span class='ocr_line' id='line_1_17' title="bbox 173 2227 1400 2298; baseline -0.002 -12"><span class='ocrx_word' id='word_1_147' title='bbox 173 2231 348 2286; x_wconf 86' lang='lat' dir='ltr'><strong>notissimum</strong></span> <span class='ocrx_word' id='word_1_148' title='bbox 376 2234 418 2286; x_wconf 89' lang='lat' dir='ltr'><strong>est</strong></span> <span class='ocrx_word' id='word_1_149' title='bbox 445 2230 509 2284; x_wconf 90' lang='lat' dir='ltr'><strong>inde</strong></span> <span class='ocrx_word' id='word_1_150' title='bbox 533 2247 550 2284; x_wconf 89' lang='lat' dir='ltr'><strong>a</strong></span> <span class='ocrx_word' id='word_1_151' title='bbox 573 2229 684 2284; x_wconf 85' lang='lat' dir='ltr'><strong>Socrate</strong></span> <span class='ocrx_word' id='word_1_152' title='bbox 708 2232 736 2283; x_wconf 89' lang='lat' dir='ltr'><strong>et</strong></span> <span class='ocrx_word' id='word_1_153' title='bbox 754 2229 871 2284; x_wconf 87' lang='lat' dir='ltr'><strong>Platone</strong></span> <span class='ocrx_word' id='word_1_154' title='bbox 894 2227 1072 2283; x_wconf 85' lang='lat' dir='ltr'><strong>inimicitiam</strong></span> <span class='ocrx_word' id='word_1_155' title='bbox 1096 2228 1290 2298; x_wconf 78' lang='lat' dir='ltr'><strong>grauissimam</strong></span> <span class='ocrx_word' id='word_1_156' title='bbox 1316 2228 1400 2285; x_wconf 88' lang='lat' dir='ltr'><strong>iuter·</strong></span> 
     </span>
     <span class='ocr_line' id='line_1_18' title="bbox 173 2317 1402 2389; baseline -0.004 -13"><span class='ocrx_word' id='word_1_157' title='bbox 173 2322 283 2376; x_wconf 85' lang='lat' dir='ltr'><strong>cessisse</strong></span> <span class='ocrx_word' id='word_1_158' title='bbox 310 2321 384 2374; x_wconf 90' lang='lat' dir='ltr'><strong>inter</strong></span> <span class='ocrx_word' id='word_1_159' title='bbox 412 2319 587 2389; x_wconf 90' lang='lat' dir='ltr'><strong>philosophos</strong></span> <span class='ocrx_word' id='word_1_160' title='bbox 615 2321 644 2373; x_wconf 88' lang='lat' dir='ltr'><strong>et</strong></span> <span class='ocrx_word' id='word_1_161' title='bbox 671 2317 820 2388; x_wconf 82' lang='lat' dir='ltr'><strong>sophistas:</strong></span> <span class='ocrx_word' id='word_1_162' title='bbox 849 2317 988 2388; x_wconf 87' lang='lat' dir='ltr'><strong>sophistae</strong></span> <span class='ocrx_word' id='word_1_163' title='bbox 1012 2320 1107 2373; x_wconf 87' lang='lat' dir='ltr'><strong>autem</strong></span> <span class='ocrx_word' id='word_1_164' title='bbox 1129 2335 1184 2386; x_wconf 91' lang='lat' dir='ltr'><strong>quo</strong></span> <span class='ocrx_word' id='word_1_165' title='bbox 1209 2317 1264 2372; x_wconf 90' lang='lat' dir='ltr'><strong>alio</strong></span> <span class='ocrx_word' id='word_1_166' title='bbox 1291 2317 1402 2372; x_wconf 91' lang='lat' dir='ltr'><strong>nomine</strong></span> 
     </span>
     <span class='ocr_line' id='line_1_19' title="bbox 173 2406 1402 2479; baseline -0.004 -14"><span class='ocrx_word' id='word_1_167' title='bbox 173 2411 272 2465; x_wconf 86' lang='lat' dir='ltr'><strong>melius</strong></span> <span class='ocrx_word' id='word_1_168' title='bbox 292 2410 470 2479; x_wconf 87' lang='lat' dir='ltr'><strong>appellantur</strong></span> <span class='ocrx_word' id='word_1_169' title='bbox 489 2425 574 2477; x_wconf 85' lang='lat' dir='ltr'><strong>quam</strong></span> <span class='ocrx_word' id='word_1_170' title='bbox 592 2407 752 2462; x_wconf 77' lang='lat' dir='ltr'><strong>rhetorum?</strong></span> <span class='ocrx_word' id='word_1_171' title='bbox 789 2408 912 2462; x_wconf 84' lang='lat' dir='ltr'><strong>rhetores</strong></span> <span class='ocrx_word' id='word_1_172' title='bbox 934 2407 988 2477; x_wconf 91' lang='lat' dir='ltr'><strong>ipsi</strong></span> <span class='ocrx_word' id='word_1_173' title='bbox 1011 2409 1043 2462; x_wconf 87' lang='grc' dir='ltr'><strong>ιιι</strong></span> <span class='ocrx_word' id='word_1_174' title='bbox 1065 2407 1162 2476; x_wconf 82' lang='lat' dir='ltr'><strong>Lysias</strong></span> <span class='ocrx_word' id='word_1_175' title='bbox 1181 2406 1402 2476; x_wconf 79' lang='lat' dir='ltr'><strong>Thrasymachus</strong></span> 
     </span>
     <span class='ocr_line' id='line_1_20' title="bbox 174 2495 1402 2566; baseline -0.003 -12"><span class='ocrx_word' id='word_1_176' title='bbox 174 2498 373 2554; x_wconf 84' lang='lat' dir='ltr'><strong>Chalcedonius</strong></span> <span class='ocrx_word' id='word_1_177' title='bbox 392 2497 549 2552; x_wconf 89' lang='lat' dir='ltr'><strong>Theodorus</strong></span> <span class='ocrx_word' id='word_1_178' title='bbox 567 2497 738 2566; x_wconf 76' lang='lat' dir='ltr'><strong>Byzantinus</strong></span> <span class='ocrx_word' id='word_1_179' title='bbox 756 2496 848 2552; x_wconf 87' lang='lat' dir='ltr'><strong>faceta</strong></span> <span class='ocrx_word' id='word_1_180' title='bbox 865 2496 1044 2552; x_wconf 86' lang='lat' dir='ltr'><strong>cauillatione</strong></span> <span class='ocrx_word' id='word_1_181' title='bbox 1063 2515 1080 2553; x_wconf 88' lang='lat' dir='ltr'><strong>a</strong></span> <span class='ocrx_word' id='word_1_182' title='bbox 1098 2496 1215 2552; x_wconf 87' lang='lat' dir='ltr'><strong>Platone</strong></span> <span class='ocrx_word' id='word_1_183' title='bbox 1232 2495 1262 2550; x_wconf 91' lang='lat' dir='ltr'><strong>in</strong></span> <span class='ocrx_word' id='word_1_184' title='bbox 1277 2495 1402 2550; x_wconf 83' lang='lat' dir='ltr'><strong>Phaedro</strong></span> 
     </span>
     <span class='ocr_line' id='line_1_21' title="bbox 174 2585 1402 2658; baseline -0.002 -16"><span class='ocrx_word' id='word_1_185' title='bbox 174 2590 333 2656; x_wconf 89' lang='lat' dir='ltr'><strong>carpuntur.</strong></span> <span class='ocrx_word' id='word_1_186' title='bbox 363 2589 425 2655; x_wconf 88' lang='lat' dir='ltr'><strong>post</strong></span> <span class='ocrx_word' id='word_1_187' title='bbox 438 2587 512 2642; x_wconf 86' lang='lat' dir='ltr'><strong>inter</strong></span> <span class='ocrx_word' id='word_1_188' title='bbox 523 2587 597 2642; x_wconf 91' lang='lat' dir='ltr'><strong>hunc</strong></span> <span class='ocrx_word' id='word_1_189' title='bbox 611 2589 640 2642; x_wconf 89' lang='lat' dir='ltr'><strong>et</strong></span> <span class='ocrx_word' id='word_1_190' title='bbox 653 2587 809 2651; x_wconf 89' lang='lat' dir='ltr'><strong>Isocratem,</strong></span> <span class='ocrx_word' id='word_1_191' title='bbox 829 2605 847 2641; x_wconf 89' lang='lat' dir='ltr'><strong>a</strong></span> <span class='ocrx_word' id='word_1_192' title='bbox 864 2604 919 2656; x_wconf 90' lang='lat' dir='ltr'><strong>quo</strong></span> <span class='ocrx_word' id='word_1_193' title='bbox 937 2587 986 2641; x_wconf 92' lang='lat' dir='ltr'><strong>ille</strong></span> <span class='ocrx_word' id='word_1_194' title='bbox 1005 2586 1214 2658; x_wconf 84' lang='lat' dir='ltr'><strong>philosopha</strong></span> <span class='ocrx_word' id='word_1_195' title='bbox 1231 2585 1340 2641; x_wconf 89' lang='lat' dir='ltr'><strong>dicendi</strong></span> <span class='ocrx_word' id='word_1_196' title='bbox 1359 2603 1402 2640; x_wconf 89' lang='lat' dir='ltr'><strong>ars</strong></span> 
     </span>
     <span class='ocr_line' id='line_1_22' title="bbox 174 2675 1401 2747; baseline -0.002 -17"><span class='ocrx_word' id='word_1_197' title='bbox 174 2677 232 2730; x_wconf 89' lang='lat' dir='ltr'><strong>fore</strong></span> <span class='ocrx_word' id='word_1_198' title='bbox 250 2678 282 2730; x_wconf 93' lang='lat' dir='ltr'><strong>ut</strong></span> <span class='ocrx_word' id='word_1_199' title='bbox 301 2677 469 2732; x_wconf 85' lang='lat' dir='ltr'><strong>excoleretur</strong></span> <span class='ocrx_word' id='word_1_200' title='bbox 486 2679 654 2747; x_wconf 90' lang='lat' dir='ltr'><strong>sperauerat,</strong></span> <span class='ocrx_word' id='word_1_201' title='bbox 673 2676 800 2732; x_wconf 89' lang='lat' dir='ltr'><strong>simultas</strong></span> <span class='ocrx_word' id='word_1_202' title='bbox 819 2675 953 2732; x_wconf 88' lang='lat' dir='ltr'><strong>acerrima</strong></span> <span class='ocrx_word' id='word_1_203' title='bbox 967 2676 1084 2731; x_wconf 83' lang='lat' dir='ltr'><strong>exstitit.</strong></span> <span class='ocrx_word' id='word_1_204' title='bbox 1121 2675 1283 2732; x_wconf 85' lang='lat' dir='ltr'><strong>Aristoteles</strong></span> <span class='ocrx_word' id='word_1_205' title='bbox 1301 2675 1401 2731; x_wconf 87' lang='lat' dir='ltr'><strong>exerci-</strong></span> 
     </span>
     <span class='ocr_line' id='line_1_23' title="bbox 173 2764 1402 2837; baseline -0.002 -16"><span class='ocrx_word' id='word_1_206' title='bbox 173 2766 276 2821; x_wconf 88' lang='lat' dir='ltr'><strong>tationi</strong></span> <span class='ocrx_word' id='word_1_207' title='bbox 303 2766 439 2821; x_wconf 87' lang='lat' dir='ltr'><strong>oratoriae</strong></span> <span class='ocrx_word' id='word_1_208' title='bbox 456 2767 610 2822; x_wconf 83' lang='lat' dir='ltr'><strong>Isocrateae</strong></span> <span class='ocrx_word' id='word_1_209' title='bbox 628 2766 757 2837; x_wconf 91' lang='lat' dir='ltr'><strong>opposuit</strong></span> <span class='ocrx_word' id='word_1_210' title='bbox 780 2769 901 2833; x_wconf 88' lang='lat' dir='ltr'><strong>artem,</strong></span> <span class='ocrx_word' id='word_1_211' title='bbox 929 2783 1000 2834; x_wconf 88' lang='lat' dir='ltr'><strong>quae</strong></span> <span class='ocrx_word' id='word_1_212' title='bbox 1023 2766 1089 2820; x_wconf 88' lang='lat' dir='ltr'><strong>nixa</strong></span> <span class='ocrx_word' id='word_1_213' title='bbox 1116 2768 1158 2821; x_wconf 89' lang='lat' dir='ltr'><strong>est</strong></span> <span class='ocrx_word' id='word_1_214' title='bbox 1180 2764 1402 2821; x_wconf 87' lang='lat' dir='ltr'><strong>fundamentise</strong></span> 
     </span>
     <span class='ocr_line' id='line_1_24' title="bbox 173 2855 1402 2927; baseline -0.002 -17"><span class='ocrx_word' id='word_1_215' title='bbox 173 2856 350 2927; x_wconf 86' lang='lat' dir='ltr'><strong>philosophia</strong></span> <span class='ocrx_word' id='word_1_216' title='bbox 359 2856 489 2926; x_wconf 86' lang='lat' dir='ltr'><strong>sumptis:</strong></span> <span class='ocrx_word' id='word_1_217' title='bbox 503 2856 533 2911; x_wconf 92' lang='lat' dir='ltr'><strong>in</strong></span> <span class='ocrx_word' id='word_1_218' title='bbox 547 2874 603 2924; x_wconf 92' lang='lat' dir='ltr'><strong>quo</strong></span> <span class='ocrx_word' id='word_1_219' title='bbox 616 2855 708 2911; x_wconf 89' lang='lat' dir='ltr'><strong>studio</strong></span> <span class='ocrx_word' id='word_1_220' title='bbox 723 2873 786 2911; x_wconf 93' lang='lat' dir='ltr'><strong>eum</strong></span> <span class='ocrx_word' id='word_1_221' title='bbox 800 2857 960 2911; x_wconf 88' lang='lat' dir='ltr'><strong>subsecutus</strong></span> <span class='ocrx_word' id='word_1_222' title='bbox 974 2858 1017 2909; x_wconf 90' lang='lat' dir='ltr'><strong>est</strong></span> <span class='ocrx_word' id='word_1_223' title='bbox 1026 2855 1232 2924; x_wconf 82' lang='lat' dir='ltr'><strong>Theophrastus</strong></span> <span class='ocrx_word' id='word_1_224' title='bbox 1244 2855 1402 2924; x_wconf 85' lang='lat' dir='ltr'><strong>discipulus.</strong></span> 
     </span>
     <span class='ocr_line' id='line_1_25' title="bbox 175 2943 1403 3015; baseline -0.002 -13"><span class='ocrx_word' id='word_1_225' title='bbox 175 2963 190 3002; x_wconf 97' lang='lat' dir='ltr'><strong>e</strong></span> <span class='ocrx_word' id='word_1_226' title='bbox 208 2945 400 3015; x_wconf 85' lang='lat' dir='ltr'><strong>Peripateticis</strong></span> <span class='ocrx_word' id='word_1_227' title='bbox 418 2962 490 2999; x_wconf 90' lang='lat' dir='ltr'><strong>unus</strong></span> <span class='ocrx_word' id='word_1_228' title='bbox 508 2946 567 3014; x_wconf 91' lang='lat' dir='ltr'><strong>ipse</strong></span> <span class='ocrx_word' id='word_1_229' title='bbox 586 2948 678 3000; x_wconf 85' lang='lat' dir='ltr'><strong>orator</strong></span> <span class='ocrx_word' id='word_1_230' title='bbox 700 2944 756 2999; x_wconf 83' lang='lat' dir='ltr'><strong>tuit</strong></span> <span class='ocrx_word' id='word_1_231' title='bbox 779 2963 887 3000; x_wconf 90' lang='lat' dir='ltr'><strong>summa</strong></span> <span class='ocrx_word' id='word_1_232' title='bbox 909 2944 992 3000; x_wconf 88' lang='lat' dir='ltr'><strong>laude</strong></span> <span class='ocrx_word' id='word_1_233' title='bbox 1015 2944 1125 3014; x_wconf 79' lang='lat' dir='ltr'><strong>dignus,</strong></span> <span class='ocrx_word' id='word_1_234' title='bbox 1148 2944 1319 2999; x_wconf 88' lang='lat' dir='ltr'><strong>Demetrium</strong></span> <span class='ocrx_word' id='word_1_235' title='bbox 1342 2943 1403 3000; x_wconf 86' lang='lat' dir='ltr'><strong>dico</strong></span> 
     </span>
     <span class='ocr_line' id='line_1_26' title="bbox 175 3033 1403 3104; baseline 0 -14"><span class='ocrx_word' id='word_1_236' title='bbox 175 3036 347 3090; x_wconf 87' lang='lat' dir='ltr'><strong>Phalereum.</strong></span> <span class='ocrx_word' id='word_1_237' title='bbox 385 3035 414 3090; x_wconf 88' lang='lat' dir='ltr'><strong>cf</strong></span> <span class='ocrx_word' id='word_1_238' title='bbox 435 3035 482 3090; x_wconf 78' lang='lat' dir='ltr'><strong>Cio</strong></span> <span class='ocrx_word' id='word_1_239' title='bbox 500 3035 534 3089; x_wconf 91' lang='lat' dir='ltr'><strong>dc</strong></span> <span class='ocrx_word' id='word_1_240' title='bbox 552 3035 618 3104; x_wconf 74' lang='lat' dir='ltr'><strong>legg</strong></span> <span class='ocrx_word' id='word_1_241' title='bbox 636 3035 677 3089; x_wconf 92' lang='lat' dir='ltr'><strong>llI</strong></span> <span class='ocrx_word' id='word_1_242' title='bbox 698 3037 738 3088; x_wconf 85' lang='lat'><strong>14.</strong></span> <span class='ocrx_word' id='word_1_243' title='bbox 767 3034 801 3089; x_wconf 91' lang='lat' dir='ltr'><strong>de</strong></span> <span class='ocrx_word' id='word_1_244' title='bbox 819 3033 887 3090; x_wconf 86' lang='lat' dir='ltr'><strong>offI</strong></span> <span class='ocrx_word' id='word_1_245' title='bbox 905 3035 931 3089; x_wconf 80' lang='lat'><strong>3.</strong></span> <span class='ocrx_word' id='word_1_246' title='bbox 968 3035 1037 3088; x_wconf 88' lang='lat' dir='ltr'><strong>Brut</strong></span> <span class='ocrx_word' id='word_1_247' title='bbox 1061 3036 1103 3100; x_wconf 82' lang='lat'><strong>37,</strong></span> <span class='ocrx_word' id='word_1_248' title='bbox 1130 3035 1189 3089; x_wconf 76' lang='lat'>285.</span> <span class='ocrx_word' id='word_1_249' title='bbox 1226 3035 1349 3090; x_wconf 91' lang='lat' dir='ltr'><strong>rhetores</strong></span> <span class='ocrx_word' id='word_1_250' title='bbox 1368 3035 1403 3090; x_wconf 86' lang='lat' dir='ltr'><strong>ab</strong></span> 
     </span>
     <span class='ocr_line' id='line_1_27' title="bbox 175 3122 1404 3195; baseline -0.002 -13"><span class='ocrx_word' id='word_1_251' title='bbox 175 3126 232 3182; x_wconf 88' lang='lat' dir='ltr'><strong>alia</strong></span> <span class='ocrx_word' id='word_1_252' title='bbox 249 3128 329 3195; x_wconf 87' lang='lat' dir='ltr'><strong>parte</strong></span> <span class='ocrx_word' id='word_1_253' title='bbox 347 3125 468 3180; x_wconf 91' lang='lat' dir='ltr'><strong>inuicem</strong></span> <span class='ocrx_word' id='word_1_254' title='bbox 486 3124 605 3180; x_wconf 89' lang='lat' dir='ltr'><strong>oderunt</strong></span> <span class='ocrx_word' id='word_1_255' title='bbox 622 3123 806 3194; x_wconf 90' lang='lat' dir='ltr'><strong>philosophos.</strong></span> <span class='ocrx_word' id='word_1_256' title='bbox 832 3122 995 3194; x_wconf 83' lang='lat' dir='ltr'><strong>Apollonius</strong></span> <span class='ocrx_word' id='word_1_257' title='bbox 1009 3123 1172 3179; x_wconf 91' lang='lat' dir='ltr'><strong>Rhodiensis</strong></span> <span class='ocrx_word' id='word_1_258' title='bbox 1186 3124 1288 3178; x_wconf 89' lang='lat' dir='ltr'><strong>librum</strong></span> <span class='ocrx_word' id='word_1_259' title='bbox 1307 3126 1404 3179; x_wconf 87' lang='lat' dir='ltr'><strong>contre</strong></span> 
     </span>
     <span class='ocr_line' id='line_1_28' title="bbox 174 3212 1402 3285; baseline 0 -17"><span class='ocrx_word' id='word_1_260' title='bbox 174 3215 236 3270; x_wconf 90' lang='lat' dir='ltr'><strong>illos</strong></span> <span class='ocrx_word' id='word_1_261' title='bbox 255 3215 424 3285; x_wconf 89' lang='lat' dir='ltr'><strong>conscripsit.</strong></span> <span class='ocrx_word' id='word_1_262' title='bbox 461 3214 490 3269; x_wconf 91' lang='lat' dir='ltr'><strong>cf</strong></span> <span class='ocrx_word' id='word_1_263' title='bbox 505 3213 586 3268; x_wconf 86' lang='lat' dir='ltr'><strong>Schol</strong></span> <span class='ocrx_word' id='word_1_264' title='bbox 601 3213 636 3268; x_wconf 88' lang='lat' dir='ltr'><strong>ad</strong></span> <span class='ocrx_word' id='word_1_265' title='bbox 651 3212 781 3284; x_wconf 83' lang='lat' dir='ltr'><strong>Aristoph</strong></span> <span class='ocrx_word' id='word_1_266' title='bbox 799 3213 894 3268; x_wconf 88' lang='lat' dir='ltr'><strong>Nubes</strong></span> <span class='ocrx_word' id='word_1_267' title='bbox 908 3215 989 3268; x_wconf 76' lang='lat' dir='ltr'><strong>uiti.</strong></span> <span class='ocrx_word' id='word_1_268' title='bbox 1027 3213 1218 3268; x_wconf 89' lang='lat' dir='ltr'><strong>Menedemum</strong></span> <span class='ocrx_word' id='word_1_269' title='bbox 1237 3232 1299 3268; x_wconf 93' lang='lat' dir='ltr'><strong>cum</strong></span> <span class='ocrx_word' id='word_1_270' title='bbox 1318 3213 1402 3268; x_wconf 81' lang='lat' dir='ltr'><strong>Char·</strong></span> 
     </span>
     <span class='ocr_line' id='line_1_29' title="bbox 176 3303 1405 3374; baseline 0 -16"><span class='ocrx_word' id='word_1_271' title='bbox 176 3305 258 3360; x_wconf 86' lang='lat' dir='ltr'><strong>meda</strong></span> <span class='ocrx_word' id='word_1_272' title='bbox 285 3303 470 3372; x_wconf 88' lang='lat' dir='ltr'><strong>disputauisse</strong></span> <span class='ocrx_word' id='word_1_273' title='bbox 496 3303 614 3358; x_wconf 83' lang='lat' dir='ltr'><strong>Athenis</strong></span> <span class='ocrx_word' id='word_1_274' title='bbox 642 3303 675 3358; x_wconf 88' lang='lat' dir='ltr'><strong>de</strong></span> <span class='ocrx_word' id='word_1_275' title='bbox 703 3303 863 3372; x_wconf 90' lang='lat' dir='ltr'><strong>eloquentia</strong></span> <span class='ocrx_word' id='word_1_276' title='bbox 890 3306 920 3358; x_wconf 88' lang='lat' dir='ltr'><strong>et</strong></span> <span class='ocrx_word' id='word_1_277' title='bbox 941 3303 1117 3374; x_wconf 87' lang='lat' dir='ltr'><strong>philosophia</strong></span> <span class='ocrx_word' id='word_1_278' title='bbox 1144 3303 1281 3358; x_wconf 84' lang='lat' dir='ltr'><strong>Antonius</strong></span> <span class='ocrx_word' id='word_1_279' title='bbox 1308 3305 1405 3358; x_wconf 86' lang='lat' dir='ltr'><strong>narrat</strong></span> 
     </span>
     <span class='ocr_line' id='line_1_30' title="bbox 178 3391 1404 3462; baseline 0 -16"><span class='ocrx_word' id='word_1_280' title='bbox 178 3393 251 3460; x_wconf 89' lang='lat' dir='ltr'><strong>apud</strong></span> <span class='ocrx_word' id='word_1_281' title='bbox 277 3392 435 3448; x_wconf 72' lang='lat' dir='ltr'><strong>Ciceronem</strong></span> <span class='ocrx_word' id='word_1_282' title='bbox 457 3392 491 3447; x_wconf 91' lang='lat' dir='ltr'><strong>de</strong></span> <span class='ocrx_word' id='word_1_283' title='bbox 519 3391 633 3447; x_wconf 89' lang='lat' dir='ltr'><strong>Oratore</strong></span> <span class='ocrx_word' id='word_1_284' title='bbox 660 3393 673 3448; x_wconf 97' lang='lat' dir='ltr'>I</span> <span class='ocrx_word' id='word_1_285' title='bbox 697 3393 732 3448; x_wconf 78' lang='lat' dir='ltr'><strong>ei</strong></span> <span class='ocrx_word' id='word_1_286' title='bbox 754 3410 815 3461; x_wconf 87' lang='lat' dir='ltr'><strong>sqq.</strong></span> <span class='ocrx_word' id='word_1_287' title='bbox 856 3392 1003 3462; x_wconf 84' lang='lat' dir='ltr'><strong>Dionysius</strong></span> <span class='ocrx_word' id='word_1_288' title='bbox 1030 3392 1129 3447; x_wconf 89' lang='lat' dir='ltr'><strong>deiude</strong></span> <span class='ocrx_word' id='word_1_289' title='bbox 1158 3391 1404 3448; x_wconf 83' lang='lat' dir='ltr'><strong>Halicarnassensis</strong></span> 
     </span>
     <span class='ocr_line' id='line_1_31' title="bbox 178 3480 1405 3551; baseline 0.002 -18"><span class='ocrx_word' id='word_1_290' title='bbox 178 3480 230 3534; x_wconf 87' lang='lat' dir='ltr'><strong>etsi</strong></span> <span class='ocrx_word' id='word_1_291' title='bbox 248 3481 379 3537; x_wconf 80' lang='lat' dir='ltr'><strong>Asianum</strong></span> <span class='ocrx_word' id='word_1_292' title='bbox 398 3481 552 3536; x_wconf 89' lang='lat' dir='ltr'><strong>orationem</strong></span> <span class='ocrx_word' id='word_1_293' title='bbox 570 3498 660 3550; x_wconf 89' lang='lat' dir='ltr'><strong>neque</strong></span> <span class='ocrx_word' id='word_1_294' title='bbox 679 3481 871 3551; x_wconf 88' lang='lat' dir='ltr'><strong>philosophiae</strong></span> <span class='ocrx_word' id='word_1_295' title='bbox 888 3499 979 3550; x_wconf 90' lang='lat' dir='ltr'><strong>neque</strong></span> <span class='ocrx_word' id='word_1_296' title='bbox 997 3481 1082 3536; x_wconf 89' lang='lat' dir='ltr'><strong>ullius</strong></span> <span class='ocrx_word' id='word_1_297' title='bbox 1100 3481 1223 3536; x_wconf 89' lang='lat' dir='ltr'><strong>liberalis</strong></span> <span class='ocrx_word' id='word_1_298' title='bbox 1242 3482 1405 3537; x_wconf 89' lang='lat' dir='ltr'><strong>eruditionis</strong></span> 
     </span>
     <span class='ocr_line' id='line_1_32' title="bbox 177 3567 1405 3642; baseline 0.002 -18"><span class='ocrx_word' id='word_1_299' title='bbox 177 3586 235 3624; x_wconf 89' lang='lat' dir='ltr'><strong>esse</strong></span> <span class='ocrx_word' id='word_1_300' title='bbox 252 3571 425 3642; x_wconf 89' lang='lat' dir='ltr'><strong>participem,</strong></span> <span class='ocrx_word' id='word_1_301' title='bbox 444 3588 524 3624; x_wconf 90' lang='lat' dir='ltr'><strong>suam</strong></span> <span class='ocrx_word' id='word_1_302' title='bbox 543 3573 631 3626; x_wconf 87' lang='lat' dir='ltr'><strong>artem</strong></span> <span class='ocrx_word' id='word_1_303' title='bbox 650 3567 786 3641; x_wconf 77' lang='grc' dir='ltr'>φιλόσοφον</span> <span class='ocrx_word' id='word_1_304' title='bbox 805 3571 873 3627; x_wconf 89' lang='lat' dir='ltr'><strong>dicit</strong></span> <span class='ocrx_word' id='word_1_305' title='bbox 892 3571 936 3638; x_wconf 90' lang='lat' dir='ltr'><strong>(de</strong></span> <span class='ocrx_word' id='word_1_306' title='bbox 955 3573 1005 3626; x_wconf 84' lang='lat' dir='ltr'><strong>ant</strong></span> <span class='ocrx_word' id='word_1_307' title='bbox 1022 3574 1084 3626; x_wconf 89' lang='lat' dir='ltr'><strong>orat</strong></span> <span class='ocrx_word' id='word_1_308' title='bbox 1102 3588 1212 3642; x_wconf 91' lang='lat' dir='ltr'><strong>prooem</strong></span> <span class='ocrx_word' id='word_1_309' title='bbox 1227 3589 1242 3626; x_wconf 94' lang='lat' dir='ltr'><strong>c</strong></span> <span class='ocrx_word' id='word_1_310' title='bbox 1257 3572 1291 3638; x_wconf 86' lang='lat' dir='ltr'><strong>l),</strong></span> <span class='ocrx_word' id='word_1_311' title='bbox 1310 3575 1405 3627; x_wconf 91' lang='lat' dir='ltr'><strong>tamen</strong></span> 
     </span>
     <span class='ocr_line' id='line_1_33' title="bbox 175 3659 1405 3731; baseline 0.002 -18"><span class='ocrx_word' id='word_1_312' title='bbox 175 3659 303 3716; x_wconf 87' lang='lat' dir='ltr'><strong>Isocratis</strong></span> <span class='ocrx_word' id='word_1_313' title='bbox 321 3663 350 3716; x_wconf 90' lang='lat' dir='ltr'><strong>et</strong></span> <span class='ocrx_word' id='word_1_314' title='bbox 362 3659 532 3730; x_wconf 82' lang='lat' dir='ltr'><strong>Theopompi</strong></span> <span class='ocrx_word' id='word_1_315' title='bbox 551 3677 636 3728; x_wconf 88' lang='lat' dir='ltr'><strong>quam</strong></span> <span class='ocrx_word' id='word_1_316' title='bbox 654 3663 736 3715; x_wconf 88' lang='lat' dir='ltr'><strong>uocat</strong></span> <span class='ocrx_word' id='word_1_317' title='bbox 754 3660 959 3730; x_wconf 88' lang='lat' dir='ltr'><strong>philosophiam</strong></span> <span class='ocrx_word' id='word_1_318' title='bbox 973 3660 1112 3715; x_wconf 87' lang='lat' dir='ltr'><strong>subtiliori</strong></span> <span class='ocrx_word' id='word_1_319' title='bbox 1125 3677 1217 3714; x_wconf 89' lang='lat' dir='ltr'><strong>rernm</strong></span> <span class='ocrx_word' id='word_1_320' title='bbox 1230 3660 1405 3731; x_wconf 81' lang='lat' dir='ltr'><strong>indagationi</strong></span> 
     </span>
     <span class='ocr_line' id='line_1_34' title="bbox 177 3748 1406 3820; baseline 0.002 -17"><span class='ocrx_word' id='word_1_321' title='bbox 177 3766 249 3817; x_wconf 91' lang='lat' dir='ltr'><strong>quae</strong></span> <span class='ocrx_word' id='word_1_322' title='bbox 267 3766 349 3804; x_wconf 89' lang='lat' dir='ltr'><strong>uerae</strong></span> <span class='ocrx_word' id='word_1_323' title='bbox 367 3748 558 3818; x_wconf 89' lang='lat' dir='ltr'><strong>philosophiae</strong></span> <span class='ocrx_word' id='word_1_324' title='bbox 577 3751 619 3804; x_wconf 90' lang='lat' dir='ltr'><strong>est</strong></span> <span class='ocrx_word' id='word_1_325' title='bbox 636 3749 749 3817; x_wconf 87' lang='lat' dir='ltr'><strong>proprie</strong></span> <span class='ocrx_word' id='word_1_326' title='bbox 766 3749 848 3819; x_wconf 86' lang='lat' dir='ltr'><strong>longe</strong></span> <span class='ocrx_word' id='word_1_327' title='bbox 871 3749 992 3819; x_wconf 88' lang='lat' dir='ltr'><strong>praefert</strong></span> <span class='ocrx_word' id='word_1_328' title='bbox 1010 3748 1055 3818; x_wconf 91' lang='lat' dir='ltr'><strong>(de</strong></span> <span class='ocrx_word' id='word_1_329' title='bbox 1075 3749 1148 3804; x_wconf 86' lang='lat' dir='ltr'><strong>leocr</strong></span> <span class='ocrx_word' id='word_1_330' title='bbox 1166 3767 1181 3804; x_wconf 95' lang='lat' dir='ltr'><strong>c</strong></span> <span class='ocrx_word' id='word_1_331' title='bbox 1201 3751 1226 3804; x_wconf 80' lang='lat'><strong>4.</strong></span> <span class='ocrx_word' id='word_1_332' title='bbox 1265 3750 1301 3804; x_wconf 89' lang='lat' dir='ltr'><strong>ad</strong></span> <span class='ocrx_word' id='word_1_333' title='bbox 1320 3751 1406 3820; x_wconf 82' lang='lat' dir='ltr'><strong>Pomp</strong></span> 
     </span>
     <span class='ocr_line' id='line_1_35' title="bbox 176 3836 1405 3910; baseline -0.002 -18"><span class='ocrx_word' id='word_1_334' title='bbox 176 3857 194 3907; x_wconf 92' lang='lat' dir='ltr'><strong>p</strong></span> <span class='ocrx_word' id='word_1_335' title='bbox 214 3839 266 3892; x_wconf 80' lang='grc'><strong>784</strong></span> <span class='ocrx_word' id='word_1_336' title='bbox 284 3838 328 3906; x_wconf 78' lang='lat' dir='ltr'><strong>it).</strong></span> <span class='ocrx_word' id='word_1_337' title='bbox 365 3838 461 3906; x_wconf 86' lang='lat' dir='ltr'><strong>itaque</strong></span> <span class='ocrx_word' id='word_1_338' title='bbox 484 3855 569 3910; x_wconf 87' lang='lat' dir='ltr'><strong>quam</strong></span> <span class='ocrx_word' id='word_1_339' title='bbox 593 3837 662 3892; x_wconf 89' lang='lat' dir='ltr'><strong>dicit</strong></span> <span class='ocrx_word' id='word_1_340' title='bbox 685 3837 890 3908; x_wconf 85' lang='lat' dir='ltr'><strong>philosophiam</strong></span> <span class='ocrx_word' id='word_1_341' title='bbox 914 3856 948 3894; x_wconf 89' lang='lat' dir='ltr'><strong>ea</strong></span> <span class='ocrx_word' id='word_1_342' title='bbox 971 3837 1043 3892; x_wconf 90' lang='lat' dir='ltr'><strong>nihil</strong></span> <span class='ocrx_word' id='word_1_343' title='bbox 1067 3838 1145 3894; x_wconf 89' lang='lat' dir='ltr'><strong>aliud</strong></span> <span class='ocrx_word' id='word_1_344' title='bbox 1168 3857 1252 3908; x_wconf 91' lang='lat' dir='ltr'><strong>quam</strong></span> <span class='ocrx_word' id='word_1_345' title='bbox 1275 3836 1405 3909; x_wconf 69' lang='grc' dir='ltr'>ἓγκιικλιος</span> 
     </span>
     <span class='ocr_line' id='line_1_36' title="bbox 176 3923 1405 3996; baseline 0.006 -19"><span class='ocrx_word' id='word_1_346' title='bbox 176 3923 339 3983; x_wconf 74' lang='lat' dir='ltr'><strong>cantricest:</strong></span> <span class='ocrx_word' id='word_1_347' title='bbox 359 3928 436 3983; x_wconf 91' lang='lat' dir='ltr'><strong>cuius</strong></span> <span class='ocrx_word' id='word_1_348' title='bbox 453 3945 547 3982; x_wconf 90' lang='lat' dir='ltr'><strong>omnes</strong></span> <span class='ocrx_word' id='word_1_349' title='bbox 566 3929 634 3982; x_wconf 84' lang='lat' dir='ltr'><strong>tunc</strong></span> <span class='ocrx_word' id='word_1_350' title='bbox 651 3926 783 3996; x_wconf 87' lang='lat' dir='ltr'><strong>temporis</strong></span> <span class='ocrx_word' id='word_1_351' title='bbox 796 3927 930 3994; x_wconf 90' lang='lat' dir='ltr'><strong>homines,</strong></span> <span class='ocrx_word' id='word_1_352' title='bbox 949 3927 1069 3982; x_wconf 85' lang='lat' dir='ltr'><strong>maxime</strong></span> <span class='ocrx_word' id='word_1_353' title='bbox 1082 3929 1209 3995; x_wconf 85' lang='lat' dir='ltr'><strong>Romani,</strong></span> <span class='ocrx_word' id='word_1_354' title='bbox 1229 3929 1341 3984; x_wconf 83' lang='lat' dir='ltr'><strong>fuerunt</strong></span> <span class='ocrx_word' id='word_1_355' title='bbox 1359 3929 1405 3984; x_wconf 89' lang='lat' dir='ltr'><strong>ad·</strong></span> 
     </span>
     <span class='ocr_line' id='line_1_37' title="bbox 177 4015 1406 4087; baseline 0.005 -19"><span class='ocrx_word' id='word_1_356' title='bbox 177 4018 313 4082; x_wconf 89' lang='lat' dir='ltr'><strong>petentes.</strong></span> <span class='ocrx_word' id='word_1_357' title='bbox 350 4021 435 4086; x_wconf 89' lang='lat' dir='ltr'><strong>atque</strong></span> <span class='ocrx_word' id='word_1_358' title='bbox 453 4018 523 4072; x_wconf 88' lang='lat' dir='ltr'><strong>haec</strong></span> <span class='ocrx_word' id='word_1_359' title='bbox 540 4016 652 4072; x_wconf 89' lang='lat' dir='ltr'><strong>uidetur</strong></span> <span class='ocrx_word' id='word_1_360' title='bbox 668 4015 753 4071; x_wconf 88' lang='lat' dir='ltr'><strong>fuisse</strong></span> <span class='ocrx_word' id='word_1_361' title='bbox 772 4034 855 4071; x_wconf 89' lang='lat' dir='ltr'><strong>causa</strong></span> <span class='ocrx_word' id='word_1_362' title='bbox 872 4017 949 4071; x_wconf 92' lang='lat' dir='ltr'><strong>illius</strong></span> <span class='ocrx_word' id='word_1_363' title='bbox 967 4017 1194 4087; x_wconf 90' lang='lat' dir='ltr'><strong>philosophorum</strong></span> <span class='ocrx_word' id='word_1_364' title='bbox 1217 4021 1247 4073; x_wconf 88' lang='lat' dir='ltr'><strong>et</strong></span> <span class='ocrx_word' id='word_1_365' title='bbox 1264 4018 1406 4074; x_wconf 90' lang='lat' dir='ltr'><strong>rhetorum</strong></span> 
     </span>
     <span class='ocr_line' id='line_1_38' title="bbox 177 4102 1406 4176; baseline 0.007 -20"><span class='ocrx_word' id='word_1_366' title='bbox 177 4102 287 4157; x_wconf 87' lang='lat' dir='ltr'><strong>discidii</strong></span> <span class='ocrx_word' id='word_1_367' title='bbox 300 4105 373 4173; x_wconf 91' lang='lat' dir='ltr'><strong>quod</strong></span> <span class='ocrx_word' id='word_1_368' title='bbox 387 4107 500 4175; x_wconf 87' lang='lat' dir='ltr'><strong>utrique</strong></span> <span class='ocrx_word' id='word_1_369' title='bbox 514 4105 603 4170; x_wconf 91' lang='lat' dir='ltr'><strong>obliti,</strong></span> <span class='ocrx_word' id='word_1_370' title='bbox 623 4122 694 4175; x_wconf 88' lang='lat' dir='ltr'><strong>quae</strong></span> <span class='ocrx_word' id='word_1_371' title='bbox 713 4123 764 4160; x_wconf 91' lang='lat' dir='ltr'><strong>sua</strong></span> <span class='ocrx_word' id='word_1_372' title='bbox 777 4109 849 4161; x_wconf 90' lang='lat' dir='ltr'><strong>esset</strong></span> <span class='ocrx_word' id='word_1_373' title='bbox 866 4105 1018 4176; x_wconf 88' lang='lat' dir='ltr'><strong>prouincia,</strong></span> <span class='ocrx_word' id='word_1_374' title='bbox 1037 4107 1213 4163; x_wconf 88' lang='lat' dir='ltr'><strong>inimicorum</strong></span> <span class='ocrx_word' id='word_1_375' title='bbox 1231 4126 1274 4163; x_wconf 87' lang='lat' dir='ltr'><strong>res</strong></span> <span class='ocrx_word' id='word_1_376' title='bbox 1293 4110 1326 4163; x_wconf 91' lang='lat' dir='ltr'><strong>ut</strong></span> <span class='ocrx_word' id='word_1_377' title='bbox 1343 4126 1406 4165; x_wconf 85' lang='lat' dir='ltr'><strong>suus</strong></span> 
     </span>
     <span class='ocr_line' id='line_1_39' title="bbox 177 4195 1407 4267; baseline 0.006 -21"><span class='ocrx_word' id='word_1_378' title='bbox 177 4195 342 4263; x_wconf 89' lang='lat' dir='ltr'><strong>repeterent.</strong></span> <span class='ocrx_word' id='word_1_379' title='bbox 369 4195 428 4250; x_wconf 87' lang='lat' dir='ltr'><strong>aliu</strong></span> <span class='ocrx_word' id='word_1_380' title='bbox 441 4213 524 4251; x_wconf 90' lang='lat' dir='ltr'><strong>causa</strong></span> <span class='ocrx_word' id='word_1_381' title='bbox 537 4196 567 4250; x_wconf 91' lang='lat' dir='ltr'><strong>in</strong></span> <span class='ocrx_word' id='word_1_382' title='bbox 583 4213 615 4250; x_wconf 89' lang='lat' dir='ltr'><strong>eo</strong></span> <span class='ocrx_word' id='word_1_383' title='bbox 626 4195 682 4250; x_wconf 89' lang='lat' dir='ltr'><strong>sita</strong></span> <span class='ocrx_word' id='word_1_384' title='bbox 700 4198 742 4251; x_wconf 91' lang='lat' dir='ltr'><strong>est</strong></span> <span class='ocrx_word' id='word_1_385' title='bbox 756 4213 839 4263; x_wconf 91' lang='lat' dir='ltr'><strong>quem</strong></span> <span class='ocrx_word' id='word_1_386' title='bbox 853 4213 902 4250; x_wconf 91' lang='lat' dir='ltr'><strong>nos</strong></span> <span class='ocrx_word' id='word_1_387' title='bbox 913 4195 1030 4250; x_wconf 92' lang='lat' dir='ltr'><strong>dicimus</strong></span> <span class='ocrx_word' id='word_1_388' title='bbox 1044 4197 1198 4267; x_wconf 84' lang='lat' dir='ltr'><strong>Gegensatz</strong></span> <span class='ocrx_word' id='word_1_389' title='bbox 1211 4198 1259 4253; x_wconf 89' lang='lat' dir='ltr'><strong>der</strong></span> <span class='ocrx_word' id='word_1_390' title='bbox 1272 4198 1407 4254; x_wconf 84' lang='lat' dir='ltr'><strong>formalem</strong></span> 
     </span>
     <span class='ocr_line' id='line_1_40' title="bbox 178 4282 1406 4355; baseline 0.005 -19"><span class='ocrx_word' id='word_1_391' title='bbox 178 4282 235 4337; x_wconf 91' lang='lat' dir='ltr'><strong>und</strong></span> <span class='ocrx_word' id='word_1_392' title='bbox 253 4282 347 4337; x_wconf 88' lang='lat' dir='ltr'><strong>reulen</strong></span> <span class='ocrx_word' id='word_1_393' title='bbox 364 4282 375 4336; x_wconf 94' lang='lat' dir='ltr'><strong>i</strong></span> <span class='ocrx_word' id='word_1_394' title='bbox 394 4300 409 4337; x_wconf 91' lang='lat' dir='ltr'><strong>c</strong></span> <span class='ocrx_word' id='word_1_395' title='bbox 426 4284 709 4341; x_wconf 83' lang='lat' dir='ltr'><strong>wissenschaftlichen</strong></span> <span class='ocrx_word' id='word_1_396' title='bbox 733 4285 868 4355; x_wconf 83' lang='lat' dir='ltr'><strong>Bildnng:</strong></span> <span class='ocrx_word' id='word_1_397' title='bbox 897 4285 946 4354; x_wconf 92' lang='lat' dir='ltr'><strong>qui</strong></span> <span class='ocrx_word' id='word_1_398' title='bbox 969 4285 1081 4354; x_wconf 91' lang='lat' dir='ltr'><strong>quidem</strong></span> <span class='ocrx_word' id='word_1_399' title='bbox 1106 4287 1192 4342; x_wconf 90' lang='lat' dir='ltr'><strong>etiam</strong></span> <span class='ocrx_word' id='word_1_400' title='bbox 1214 4289 1315 4342; x_wconf 87' lang='lat' dir='ltr'><strong>nostris</strong></span> <span class='ocrx_word' id='word_1_401' title='bbox 1338 4289 1406 4343; x_wconf 87' lang='lat' dir='ltr'><strong>tem·</strong></span> 
     </span>
     <span class='ocr_line' id='line_1_41' title="bbox 178 4372 1407 4446; baseline 0.003 -20"><span class='ocrx_word' id='word_1_402' title='bbox 178 4372 290 4443; x_wconf 92' lang='lat' dir='ltr'><strong>poribus</strong></span> <span class='ocrx_word' id='word_1_403' title='bbox 309 4388 375 4427; x_wconf 89' lang='lat' dir='ltr'><strong>sane</strong></span> <span class='ocrx_word' id='word_1_404' title='bbox 393 4389 449 4426; x_wconf 92' lang='lat' dir='ltr'><strong>non</strong></span> <span class='ocrx_word' id='word_1_405' title='bbox 467 4375 583 4430; x_wconf 90' lang='lat' dir='ltr'><strong>euanuit</strong></span> <span class='ocrx_word' id='word_1_406' title='bbox 601 4391 690 4443; x_wconf 90' lang='lat' dir='ltr'><strong>neque</strong></span> <span class='ocrx_word' id='word_1_407' title='bbox 709 4392 833 4442; x_wconf 90' lang='lat' dir='ltr'><strong>unquam</strong></span> <span class='ocrx_word' id='word_1_408' title='bbox 852 4379 1005 4431; x_wconf 87' lang='lat' dir='ltr'><strong>euanescet.</strong></span> <span class='ocrx_word' id='word_1_409' title='bbox 1042 4376 1072 4431; x_wconf 80' lang='lat' dir='ltr'><strong>ci&#39;</strong></span> <span class='ocrx_word' id='word_1_410' title='bbox 1091 4376 1125 4431; x_wconf 92' lang='lat' dir='ltr'><strong>de</strong></span> <span class='ocrx_word' id='word_1_411' title='bbox 1143 4376 1196 4432; x_wconf 89' lang='lat' dir='ltr'><strong>hac</strong></span> <span class='ocrx_word' id='word_1_412' title='bbox 1213 4394 1251 4442; x_wconf 91' lang='lat' dir='ltr'><strong>re,</strong></span> <span class='ocrx_word' id='word_1_413' title='bbox 1273 4376 1304 4430; x_wconf 91' lang='lat' dir='ltr'><strong>in</strong></span> <span class='ocrx_word' id='word_1_414' title='bbox 1322 4394 1407 4446; x_wconf 90' lang='lat' dir='ltr'><strong>qnam</strong></span> 
     </span>
     <span class='ocr_line' id='line_1_42' title="bbox 178 4461 1407 4535; baseline 0.002 -17"><span class='ocrx_word' id='word_1_415' title='bbox 178 4461 336 4518; x_wconf 85' lang='lat' dir='ltr'><strong>adcuratius</strong></span> <span class='ocrx_word' id='word_1_416' title='bbox 358 4461 499 4531; x_wconf 90' lang='lat' dir='ltr'><strong>inquirere</strong></span> <span class='ocrx_word' id='word_1_417' title='bbox 522 4480 620 4532; x_wconf 87' lang='lat' dir='ltr'><strong>operae</strong></span> <span class='ocrx_word' id='word_1_418' title='bbox 648 4467 690 4520; x_wconf 91' lang='lat' dir='ltr'><strong>est</strong></span> <span class='ocrx_word' id='word_1_419' title='bbox 716 4464 845 4534; x_wconf 88' lang='lat' dir='ltr'><strong>pretium,</strong></span> <span class='ocrx_word' id='word_1_420' title='bbox 874 4465 895 4519; x_wconf 85' lang='lat' dir='ltr'><strong>h</strong></span> <span class='ocrx_word' id='word_1_421' title='bbox 918 4465 1077 4535; x_wconf 84' lang='lat' dir='ltr'><strong>Spengel,</strong></span> <span class='ocrx_word' id='word_1_422' title='bbox 1106 4466 1165 4521; x_wconf 90' lang='lat' dir='ltr'><strong>Ueb</strong></span> <span class='ocrx_word' id='word_1_423' title='bbox 1192 4466 1211 4520; x_wconf 94' lang='lat' dir='ltr'><strong>d</strong></span> <span class='ocrx_word' id='word_1_424' title='bbox 1237 4465 1366 4522; x_wconf 87' lang='lat' dir='ltr'><strong>Studium</strong></span> <span class='ocrx_word' id='word_1_425' title='bbox 1389 4466 1407 4520; x_wconf 90' lang='lat' dir='ltr'><strong>d</strong></span> 
     </span>
    </p>
   </div>
   <div class='ocr_carea' id='block_1_4' title="bbox 178 4551 1246 4700">
    <p class='ocr_par' dir='ltr' id='par_1_4' title="bbox 178 4551 1246 4700">
     <span class='ocr_line' id='line_1_43' title="bbox 178 4551 934 4624; baseline 0.007 -19"><span class='ocrx_word' id='word_1_426' title='bbox 178 4551 314 4608; x_wconf 82' lang='lat' dir='ltr'><strong>Rhetorilr</strong></span> <span class='ocrx_word' id='word_1_427' title='bbox 332 4552 350 4607; x_wconf 94' lang='lat' dir='ltr'>b</span> <span class='ocrx_word' id='word_1_428' title='bbox 370 4551 387 4605; x_wconf 94' lang='lat' dir='ltr'><strong>d</strong></span> <span class='ocrx_word' id='word_1_429' title='bbox 406 4551 500 4606; x_wconf 83' lang='lat' dir='ltr'><strong>Alteri.</strong></span> <span class='ocrx_word' id='word_1_430' title='bbox 535 4552 674 4609; x_wconf 86' lang='lat' dir='ltr'><strong>Miiuchen</strong></span> <span class='ocrx_word' id='word_1_431' title='bbox 694 4555 772 4610; x_wconf 78' lang='lat'>1842.</span> <span class='ocrx_word' id='word_1_432' title='bbox 792 4572 811 4624; x_wconf 89' lang='lat' dir='ltr'><strong>p</strong></span> <span class='ocrx_word' id='word_1_433' title='bbox 831 4556 872 4611; x_wconf 79' lang='lat'><strong>17.</strong></span> <span class='ocrx_word' id='word_1_434' title='bbox 892 4555 934 4611; x_wconf 77' lang='grc'><strong>22.</strong></span> 
     </span>
     <span class='ocr_line' id='line_1_44' title="bbox 259 4640 1246 4700; baseline 0 -18"><span class='ocrx_word' id='word_1_435' title='bbox 259 4643 381 4691; x_wconf 70' lang='lat' dir='ltr'><strong>neuter,</strong></span> <span class='ocrx_word' id='word_1_436' title='bbox 396 4642 429 4683; x_wconf 88' lang='lat' dir='ltr'><strong>De</strong></span> <span class='ocrx_word' id='word_1_437' title='bbox 444 4640 582 4690; x_wconf 77' lang='lat' dir='ltr'><strong>Quintiliani</strong></span> <span class='ocrx_word' id='word_1_438' title='bbox 596 4642 664 4684; x_wconf 84' lang='lat' dir='ltr'><strong>libro.</strong></span> <span class='ocrx_word' id='word_1_439' title='bbox 1230 4649 1246 4700; x_wconf 78' lang='lat'>4</span> 
     </span>
    </p>
   </div>
   <div class='ocr_carea' id='block_1_5' title="bbox 0 0 1580 4942">
    <p class='ocr_par' dir='ltr' id='par_1_5' title="bbox 0 0 1580 4942">
     <span class='ocr_line' id='line_1_45' title="bbox 0 0 1580 4942; baseline 0 0"><span class='ocrx_word' id='word_1_440' title='bbox 0 0 1580 4942; x_wconf 95' lang='lat' dir='ltr'><strong> </strong></span> 
     </span>
    </p>
   </div>
  </div>
 </body>
</html>
