3128 4942
864 246 904 314 18

271 437 376 508 εἰδέναι
398 446 458 528 χρὴ
482 445 513 506 τὸ
537 448 624 528 μέχρι
646 453 703 506 ποῦ
722 450 912 529 παρεριστὲον
934 443 1066 509 ἕκαστον.
1101 449 1133 509 τὸ
1157 449 1213 530 γὰρ
1236 444 1323 510 ἐνίοτε
1341 454 1499 534 περαιτέρω

270 555 470 635 προεκπίπτειν
486 549 621 634 ἀναιρεῖ
643 555 696 636 τὴν
712 547 875 637 ὑπερβολὴν
897 555 949 615 καὶ
966 561 1089 616 τοιαῦτα
1112 548 1333 640 ὑπερτεινόμενα
1355 557 1496 640 χαλᾶται,

271 656 337 720 ἔσθ’
362 656 410 721 ὅτε
435 658 466 747 δὲ
488 661 540 721 ναὶ
564 655 681 730 εἰςτὰς
704 654 975 730 ὑπεναντιώσεις
1006 658 1316 744 ἀντιπεριὶσταται.
1372 668 1496 727 eeteros

272 784 398 847 quoque
430 772 541 848 tropos
568 764 739 829 immodice
768 764 905 829 orationi
934 764 1098 830 adhibitos
1126 785 1243 830 nocere
1271 769 1398 832 ornatui
1426 789 1496 833 cum

270 891 328 956 per
352 891 387 936 se
410 877 502 956 patet
524 879 591 935 tum
619 871 762 954 sequitur
786 870 898 936 eloco
923 893 963 937 ex
986 872 1189 955 Hermogene
1217 895 1238 957 p
1260 877 1300 939 21
1327 875 1496 959 exscripto.

271 977 306 1043 cf
325 979 424 1044 etiam
446 983 509 1062 περὶ
532 977 623 1065 ipone
646 980 697 1062 32,
719 982 737 1043 7
762 976 797 1063 (p
821 980 872 1062 53,
899 982 917 1043 7
945 1009 980 1032 =
1007 979 1066 1063 lp
1091 982 1154 1046 281
1180 979 1249 1067 Sp).

358 1103 409 1168 De
434 1103 759 1169 similitudinibus
784 1102 1000 1179 Quintilianus
1026 1105 1139 1169 ursse
1164 1103 1240 1170 inde
1263 1126 1283 1169 a
1307 1109 1385 1186 §72
1410 1107 1494 1189 agit:

270 1230 352 1292 quas
376 1231 438 1293 quo
462 1210 626 1276 faciliores
651 1211 715 1276 sint
738 1210 904 1275 intellectu
933 1231 970 1276 eo
996 1210 1074 1275 dicit
1103 1232 1176 1277 esse
1202 1212 1361 1278 meliores.
1408 1211 1494 1276 dein-

270 1337 347 1402 ceps
371 1319 400 1398 §1
421 1322 488 1384 76αθ
515 1319 615 1383 uerba
640 1324 714 1384 sunt
737 1318 832 1383 haec:
857 1317 944 1401 quod
968 1317 1097 1401 quidem
1126 1339 1228 1402 genus
1258 1340 1278 1383 a
1302 1319 1494 1402 quibusdam

270 1423 502 1489 declamatoria
533 1425 673 1489 maxime
705 1425 836 1490 licentia
870 1431 1089 1509 corruptum
1128 1433 1192 1491 est:
1230 1447 1304 1489 nam
1338 1432 1370 1490 ct
1401 1426 1494 1491 falsis

269 1538 412 1616 utuntur,
441 1552 502 1597 nec
525 1531 586 1598 illa
606 1532 647 1598 iis
671 1532 786 1615 quibus
811 1531 930 1596 similia
953 1531 1058 1596 uideri
1082 1532 1193 1597 uolunt
1211 1531 1386 1615 adplicant.
1419 1552 1494 1614 quo·

267 1659 337 1702 rum
368 1645 536 1722 utrumque
568 1639 602 1703 in
634 1639 684 1705 bis
717 1646 767 1704 est
799 1659 883 1721 quac
920 1658 971 1702 me
1011 1640 1176 1728 iuuene¹u¹t
1223 1639 1340 1720 ubique
1372 1639 1495 1703 cantari

268 1746 430 1810 solebant:
454 1766 644 1829 magnorum
667 1746 836 1810 fluminum
859 1745 1064 1826 nauigabiles
1089 1744 1193 1808 fontes
1218 1753 1300 1830 sunt,
1330 1753 1374 1810 et:
1400 1766 1495 1827 gene-

181 1854 183 1858 '
267 1853 400 1918 rosioris
424 1853 548 1918 arboris
573 1854 682 1917 statim
704 1852 818 1935 planta
842 1871 914 1915 oum
937 1850 1040 1914 fructu
1066 1858 1123 1915 est.

357 1977 544 2043 Orationem
564 1983 679 2042 ornant
694 1976 792 2040 etiam
807 1975 1031 2041 sententiae.
1063 1974 1145 2038 haec
1158 1995 1223 2039 uox
1244 1975 1272 2040 si
1288 1976 1320 2039 ui
1334 1976 1495 2040 rhetorica

267 2091 452 2169 usurpatur,
481 2083 603 2148 indicat
636 2083 835 2149 enuntiatum
864 2081 1036 2166 eiusmodi,
1069 2082 1154 2164 quod
1178 2101 1249 2146 oum
1272 2103 1308 2146 re
1331 2103 1395 2146 non
1418 2104 1491 2167 pos-

177 2227 180 2232 ·
267 2192 394 2276 tuletur,
418 2199 526 2258 tamen
550 2191 713 2274 grauitate
738 2195 770 2255 et
793 2188 909 2255 decore
934 2189 1111 2253 orationem
1140 2188 1261 2254 efferat.
1308 2189 1349 2254 de
1378 2190 1493 2271 quibus

268 2298 437 2364 sententiis
459 2298 581 2364 Fabius
610 2298 688 2363 VIII
715 2299 736 2364 5
767 2301 786 2379 ξ
816 2300 837 2363 2
867 2296 946 2361 dicit
973 2289 1069 2360 haec:
1103 2295 1206 2360 minus
1240 2296 1372 2361 crebrae
1405 2297 1493 2381 apud

267 2405 417 2488 antiquos
449 2406 570 2472 nostris
604 2405 802 2490 temporibus
834 2403 930 2468 modo
970 2410 1090 2468 carent.
1137 2410 1213 2487 post
1236 2403 1306 2485 agit
1344 2403 1385 2468 de
1423 2425 1492 2469 sen-

266 2514 438 2578 tentiarum
463 2512 656 2596 quibusdam
680 2512 860 2594 generibus,
885 2531 902 2575 ε
926 2510 1042 2592 quibus
1070 2509 1105 2572 id
1129 2510 1266 2574 maxime
1291 2531 1311 2574 a
1335 2511 1492 2594 corruptis

267 2620 453 2684 adamatum
475 2618 604 2684 uidetur
627 2618 728 2683 fnisse
743 2617 829 2699 quod
847 2624 896 2682 est
920 2615 1192 2681 clausularum.
1227 2617 1372 2682 clausula
1401 2625 1493 2681 omat

266 2725 362 2790 finem
386 2726 543 2790 enuntiati
567 2732 623 2789 aut
645 2723 787 2809 periodi:
812 2724 866 2806 qui
891 2723 920 2789 si
944 2742 1022 2788 sono
1047 2724 1264 2804 g1·auiaures
1293 2724 1492 2789 audientium

266 2832 391 2917 implet,
414 2832 520 2914 magis
542 2852 651 2897 eorum
669 2837 778 2896 mouet
799 2831 932 2915 animos,
956 2851 1053 2912 quam
1076 2829 1104 2895 si
1120 2829 1246 2896 leuibus
1261 2831 1368 2896 uerbis
1389 2832 1491 2896 oratio

266 2959 330 3003 non
362 2946 428 3004 tam
459 2939 579 3005 desinit
608 2959 704 3022 quam
735 2938 910 3003 euanescit.
962 2937 1024 3002 bac
1052 2938 1279 3002 obseruatione
1313 2938 1491 3004 rectissime

266 3047 355 3112 tacta
377 3066 479 3131 praue
501 3047 548 3110 ita
576 3046 748 3110 utebantur
775 3045 928 3129 corrupti,
960 3052 996 3110 ut
1024 3065 1108 3110 uano
1143 3052 1174 3108 et
1201 3045 1323 3109 tumido
1356 3045 1492 3129 strepitu

266 3153 417 3238 periodos
455 3151 651 3218 clauderent.
707 3152 793 3235 quod
816 3152 937 3218 Fabius
966 3158 1057 3215 notat
1089 3150 1142 3214 ld
1170 3155 1190 3232 ξ
1221 3155 1261 3217 13
1286 3172 1324 3234 sq
1346 3150 1430 3216 hunc
1458 3152 1491 3215 in

264 3259 408 3324 modum:
432 3267 569 3324 uocatur
592 3259 715 3343 aliquid
741 3267 773 3324 et
796 3259 958 3324 clausula:
984 3279 1067 3340 quae
1092 3257 1120 3323 si
1139 3265 1189 3323 est
1212 3258 1299 3341 quod
1315 3260 1491 3326 conclusio-

265 3387 339 3432 nem
363 3366 511 3451 dicimus,
541 3373 573 3432 et
597 3373 687 3433 recta
711 3373 743 3432 et
772 3365 966 3449 quibusdam
993 3366 1026 3429 in
1053 3364 1200 3449 partibus
1227 3367 1415 3432 necessaria
1443 3374 1492 3433 est

366 3471 560 3561 [exemplum
583 3494 624 3538 ex
648 3471 824 3560 Cicerone}
871 3471 929 3538 sed
953 3493 1037 3538 nunc
1060 3473 1150 3539 aliud
1174 3473 1298 3559 uolunt,
1325 3481 1361 3539 ut
1389 3474 1491 3538 omnis

265 3581 365 3668 locus,
389 3581 493 3647 omnis
518 3602 631 3647 sensus
655 3581 689 3644 in
712 3580 775 3645 fine
799 3579 955 3645 orationis
979 3579 1075 3645 feriat
1098 3601 1216 3646 aurem.
1263 3588 1355 3665 turpe
1383 3587 1489 3644 autem

267 3695 299 3754 et
321 3707 423 3772 prope
441 3688 534 3753 nefas
558 3687 679 3752 ducunt
701 3687 862 3771 respirare
885 3686 950 3752 ullo
974 3687 1045 3751 loco
1069 3688 1124 3770 qui
1143 3687 1411 3752 adclamationem
1425 3704 1489 3747 non

265 3794 403 3880 petierit.
448 3794 524 3859 inde
547 3794 660 3859 minuti
685 3793 937 3878 corruptique
961 3793 1114 3859 sensiculi
1138 3802 1170 3858 ct
1194 3800 1285 3858 extra
1299 3812 1366 3856 rem
1380 3790 1487 3875 petiti:

265 3923 368 3984 neque
397 3901 481 3966 enim
512 3908 649 3985 possunt
682 3907 749 3966 tam
781 3900 904 3965 multae
937 3902 1042 3966 bonae
1076 3899 1255 3964 sententiae
1288 3917 1361 3963 esse
1393 3918 1488 3980 quam

264 4029 399 4074 neccsse
423 4016 473 4074 est
494 4009 615 4074 multae
644 4008 709 4073 sint
741 4008 916 4073 clausulae.
945 4045 987 4053 -
1016 4005 1169 4089 deinceps
1198 4003 1342 4069 eiusdem
1372 4005 1489 4088 capitis

265 4121 307 4199 ἐξ
331 4118 462 4183 20-25
487 4123 596 4180 cetera
620 4117 850 4182 sententiarum
874 4136 995 4198 genera
1009 4112 1118 4197 qualia
1142 4113 1174 4177 in
1197 4132 1258 4178 usu
1281 4112 1399 4177 fuerint
1423 4133 1489 4177 ccr-

264 4230 429 4309 ruptcrum
453 4231 619 4288 enumerat
634 4230 666 4287 et
689 4222 845 4307 exemplis
869 4243 889 4286 a
913 4242 950 4287 se
972 4221 1044 4305 ipso
1059 4219 1181 4285 auditis
1200 4220 1358 4286 inlustrat.
1383 4218 1488 4284 omnia

355 4435 390 4503 ¹¹)
409 4436 544 4505 Exempla
562 4435 683 4490 desumit
701 4435 734 4491 de
753 4454 803 4490 sue
821 4435 967 4504 disciplina
985 4433 1112 4488 iuuenili.
1140 4432 1199 4502 ipse
1221 4434 1310 4504 igitur
1328 4431 1489 4500 aconuptis

263 4526 309 4580 uel
327 4542 421 4580 eorum
434 4525 578 4591 similibus,
599 4543 667 4593 quos
679 4525 723 4578 nir
735 4528 818 4579 tanta
835 4526 879 4578 ira
892 4524 1074 4593 persequitur,
1095 4523 1254 4578 adulescens
1272 4525 1314 4577 est
1332 4521 1487 4575 institutus.
